2043 3351
166 256 214 295 28
719 252 965 286 TERENTI
1004 251 1269 288 PHORMIO.

830 543 1031 586 ACTVS
1094 544 1161 585 III

751 668 983 708 PHORMIO
1105 666 1239 708 GETA

750 754 975 780 PARASITVS
1097 754 1248 780 SERVOS

157 861 235 901 315
271 861 352 901 PH.
388 850 512 902 stane
555 861 691 915 patris
735 860 798 901 ass
843 861 1084 900 aduentum
1127 860 1314 901 ueritum
1367 859 1468 901 hinc
1522 860 1709 902 abiisse?
1734 860 1776 900 II
1802 872 1823 901 2

475 929 557 971 GE.
591 922 868 970 Admodum.

272 999 351 1040 PH.
387 998 603 1040 Phainium
646 999 843 1040 relictam
887 1000 1058 1040 solam?
1123 998 1204 1040 GE.
1253 998 1336 1040 Sic.
1401 999 1482 1040 PH.
1533 999 1592 1040 Et
1633 1000 1710 1040 ira-

473 1067 567 1110 tt'lm
591 1073 770 1110 senem?

271 1137 354 1179 GE.
389 1125 585 1191 Oppido.
623 1137 703 1178 PH.
738 1137 811 1178 Ad
845 1145 888 1179 te
922 1136 1095 1179 somma
1124 1138 1282 1186 solum,
1313 1137 1533 1187 Phormio,
1564 1136 1707 1178 renim

474 1207 607 1248 redit:

385 1274 497 1316 Tfite
549 1276 635 1316 hoc
690 1276 873 1317 intristi:
926 1277 1003 1318 tibi
1057 1284 1231 1318 omnest
1272 1277 1582 1317 exedendum:
1636 1290 1704 1317 ac*

472 1344 662 1398 cingere.

269 1413 348 1455 GE.
384 1402 586 1455 Obsecro
609 1421 664 1455 te.
728 1415 810 1456 PH.
846 1414 892 1456 Si
922 1415 1096 1468 rogabit
1129 1449 1137 1456 .
1174 1449 1182 1457 .
1217 1415 1298 1456 GE.
1335 1405 1386 1455 Ϊ11
1414 1422 1456 1456 te
1490 1429 1591 1469 spes
1624 1422 1701 1455 est.
1768 1436 1770 1438 v
1805 1427 1822 1461 5

471 1484 554 1524 ΡΗ.
589 1475 769 1532 Ε66616,

154 1558 234 1598 320
384 1558 504 1611 Quid
539 1559 573 1599 si
607 1559 787 1599 reddet?
821 1558 903 1600 GE.
937 1558 1006 1599 Tu
1041 1559 1246 1613 impulisti.
1292 1560 1374 1600 PH.
1410 1558 1495 1606 Sic,
1530 1559 1699 1613 opinor.

472 1627 553 1668 GE.
589 1626 801 1669 Sfibueni.

270 1697 351 1737 PH.
387 1696 510 1736 Cedo
553 1711 729 1736 senem:
775 1697 860 1737 iam
894 1696 1104 1738 instrl'icta
1137 1704 1237 1738 sunt
1270 1698 1327 1738 mi
1362 1698 1404 1737 in
1437 1696 1569 1738 corde
1602 1711 1704 1738 con-

472 1766 566 1806 silia
589 1764 748 1807 omnia.

270 1833 353 1875 GE.
389 1834 508 1887 Quid
552 1839 685 1887 ages?
748 1836 829 1875 PH.
865 1835 985 1888 Quid
1028 1836 1106 1882 uis,
1146 1834 1226 1876 nisi
1270 1836 1331 1876 uti
1376 1842 1551 1877 maneat
1593 1834 1703 1876 Pha-

471 1904 591 1943 nium
616 1911 747 1957 atque
772 1918 828 1944 ex
852 1903 1033 1944 crimine
1057 1905 1142 1945 hoc

383 1964 691 2026 Antiphonem
738 1972 921 2026 eripiam
970 1980 1102 2027 atque
1153 1974 1195 2014 in
1249 1988 1319 2014 me
1367 1987 1547 2014 omnem
1595 1973 1702 2014 iram

470 2042 664 2082 deriue'm
689 2043 834 2082 senis?

268 2109 351 2151 GE.
387 2097 441 2158 O,
486 2111 551 2150 uir
594 2110 716 2151 fortis
759 2109 892 2164 aitque
936 2112 1129 2152 amicu's.
1213 2112 1367 2152 ue'rum
1404 2112 1502 2152 -hoc
1555 2125 1700 2166 saepe,
1782 2127 1818 2149 1ο

470 2178 688 2227 Phormio,

152 2248 233 2288 325
382 2247 564 2295 Vereor,
609 2262 661 2288 ne
715 2249 848 2289 istaec
902 2248 1111 2290 fortitudo
1164 2250 1206 2290 in
1260 2250 1444 2290 1161110111
1497 2257 1701 2303 erumpat

469 2316 673 2369 denique.
739 2317 821 2357 PH.
857 2317 947 2365 Ah,

380 2384 479 2425 Non
504 2386 624 2426 itast:
664 2385 870 2427 factfimst
900 2387 1125 2440 periclum,
1151 2386 1236 2427 izim
1268 2388 1432 2441 pedum
1457 2385 1592 2428 uisz'zst
1615 2388 1698 2427 uia.

382 2453 515 2507 Quod
552 2468 622 2494 1116
661 2463 813 2495 6611565
848 2454 1048 2496 homines
1087 2457 1174 2496 iam
1209 2457 1524 2497 deuerberasse
1560 2470 1700 2510 usque

467 2521 522 2563 aid
547 2528 730 2563 necem?

385 2588 638 2646 [Hospites‚
653 2598 743 2633 tum
762 2593 900 2633 ciuis?
943 2607 1032 2646 quo
1050 2594 1189 2645 magis
1209 2594 1326 2641 noui,
1343 2600 1465 2635 tanto
1482 2592 1694 2648 saepius]

383 2661 506 2702 Ce'do
563 2662 683 2708 dum,
739 2675 1009 2715 enumquam
1067 2661 1322 2703 inifiriarum
1376 2661 1535 2704 audisti
1591 2663 1697 2702 mihi
1779 2676 1816 2706 15

467 2727 676 2784 scriptz'zm
699 2730 872 2771 dicam?
