2043 3351
244 275 298 314 34

359 385 441 426 GE.

360 456 439 496 PH,

358 593 440 633 GE.

241 663 322 704 375
358 663 440 702 ΡΗ.

359 1284 438 1324 PH.

356 1423 441 1464 DE.

355 1492 385 1533 P
390 1502 422 1532 H
430 1526 436 1532 .

239 1560 262 1599 ΕΟ

268 1560 290 1600 00

297 1561 318 1600 ΕΠ

354 1699 434 1738 PH.

353 1975 435 2014 DE.

235 2112 316 2149 300

350 2249 437 2289 DE.

348 2594 435 2636 DE.

230 2663 311 2705 395

798 262 1043 295 TERENTI
1084 260 1350 296 PHORMIO.

480 385 635 439 Pergin
659 400 733 427 ero
757 387 927 427 absenti
953 385 1064 427 male
1089 387 1222 441 loqui,
1248 386 1570 441 inpurissume?

476 456 674 508 Dignum
703 453 849 496 autem
881 455 965 496 hoc
997 455 1124 497 illost.
1189 455 1271 497 GE.
1306 455 1395 496 Ain
1426 463 1581 505 tamen,
1613 457 1789 498 carcer?

561 524 646 565 DE.
683 523 808 565 Geta.

475 593 699 633 Bonorum
744 599 956 640 extortor,
1001 594 1148 647 legum
1196 592 1445 634 contortor!
1526 595 1610 635 DE.
1665 594 1789 636 Geta.

475 661 723 716 Responde.
790 661 873 703 GE.
919 662 1031 715 Quis
1064 663 1269 703 homost?
1313 663 1454 704 ehem.
1519 664 1606 705 DE.
1654 663 1788 705 Tace.

560 731 643 773 GE.
678 730 870 772 Absenti
894 732 974 772 tibi

471 801 533 841 Te
558 800 758 854 indignas
781 815 918 855 seque
941 800 1097 854 dignas
1122 802 1410 842 contumelias

470 869 726 924 Numquam
751 872 939 911 cessauit
962 870 1108 911 dicere
1133 871 1277 912 hodie.
1344 872 1430 912 DE.
1466 872 1642 914 Desine.

470 939 761 987 Adulescens,
795 940 987 994 primum
1024 940 1101 980 abs
1134 947 1176 981 te
1214 939 1297 980 hoc
1341 941 1458 981 bona
1500 940 1628 981 ueniat
1671 949 1788 996 peto,

472 1008 517 1049 Si
540 1008 616 1048 tibi
642 1009 815 1062 placere
839 1008 952 1063 potis
976 1016 1053 1055 est,
1081 1010 1136 1049 mi
1163 1016 1210 1050 ut
1234 1008 1523 1063 respondeas:
1618 1010 1621 1012 ’

474 1077 617 1130 Quem
643 1077 836 1118 amicum
860 1085 983 1119 tuom
1008 1086 1070 1119 a'i's
1095 1077 1228 1119 fuisse
1253 1080 1396 1127 istum,
1422 1078 1615 1134 explana

560 1147 680 1195 mihi,

473 1215 531 1256 Et
553 1215 628 1269 qus
651 1223 891 1269 cognatum
915 1217 984 1257 me
1008 1217 1089 1256 sibi
1114 1231 1209 1257 esse
1233 1216 1411 1259 diceret„

473 1284 659 1325 Proinde
683 1286 913 1339 expiscare
942 1285 1065 1339 quasi
1097 1300 1184 1326 non
1216 1300 1381 1327 nosses.
1447 1288 1532 1329 DE.
1567 1287 1783 1330 Nossem?

559 1354 640 1395 PH.
676 1354 756 1395 Ita.

474 1422 575 1476 Ego
599 1423 667 1463 me
691 1437 805 1477 nego
827 1438 834 1464 :
866 1431 911 1465 tu
937 1424 1012 1478 qui
1035 1433 1097 1464 a‘ss
1121 1426 1272 1478 redige
1297 1425 1338 1465 in
1363 1425 1632 1466 memoriam.

472 1491 572 1533 Eho
614 1491 675 1541 tu,
708 1494 936 1533 sobrinum
979 1493 1101 1534 tuom
1136 1508 1224 1534 non
1258 1499 1416 1535 noras?
1479 1495 1566 1535 DE.
1612 1487 1786 1537 Enicas.

469 1561 552 1601 Dic
597 1560 767 1602 no'men.
849 1561 926 1603 PH.
971 1563 1178 1604 Nomen?
1241 1562 1460 1604 maxume.
1536 1566 1621 1606 DE.
1667 1565 1786 1618 Quid

557 1629 671 1671 m'mc
695 1635 843 1672 taces?

470 1700 579 1739 Perii
623 1700 779 1747 hercle,
824 1714 986 1741 nomen
1029 1701 1214 1755 perdidi.
1292 1702 1380 1743 DE.
1441 1699 1607 1758 [Hem]
1667 1703 1786 1757 Quid

555 1768 645 1809 ai's?
709 1770 788 1809 PH.
824 1769 950 1816 Geta,

469 1836 515 1877 Si
540 1838 774 1878 meministi
800 1839 841 1878 id
867 1840 986 1892 quod
1010 1838 1114 1879 olim
1138 1840 1360 1888 dictumst,
1385 1839 1547 1883 subice.
1582 1842 1698 1890 hem,

471 1906 574 1946 Non
607 1906 730 1947 dico:
779 1908 903 1960 quasi
938 1922 1025 1948 non
1070 1907 1233 1957 nosses,
1277 1916 1543 1964 temptatum
1585 1909 1784 1952 aduenis.

470 1975 569 2027 Ego
598 1974 743 2015 autem
775 1981 976 2029 tempto?
1039 1976 1121 2018 GE.
1161 1977 1313 2031 Stilpo.
1379 1978 1460 2019 PH.
1495 1979 1648 2033 Atque
1671 1981 1783 2021 adeo

555 2044 660 2096 quid
685 2049 810 2085 mea?

466 2111 654 2166 Stilpost.
740 2114 826 2154 DE.
883 2114 1029 2167 Quem
1073 2116 1214 2157 dixti?
1297 2117 1378 2157 PH.
1434 2116 1678 2170 Stilponem
1722 2119 1784 2159 in-

554 2196 686 2235 quam
712 2181 908 2223 noueraS.

470 2251 626 2303 Neque
700 2252 786 2304 ego
845 2252 967 2292 illum
1030 2267 1183 2294 noram
1248 2255 1389 2308 neque
1448 2257 1505 2296 mi
1570 2255 1783 2309 cognatus

553 2320 632 2360 fuit

466 2387 715 2442 Quisquam
750 2389 859 2431 istoc
891 2392 1080 2433 nomine.
1131 2392 1215 2431 PH.
1251 2382 1403 2434 stane?
1437 2408 1524 2434 non
1555 2402 1597 2435 te
1625 2394 1783 2435 horum

552 2459 717 2510 pudc't?

463 2525 528 2566 At
550 2525 585 2566 εί
607 2528 819 2568 talentum
846 2530 934 2568 rem
959 2530 1203 2582 reliquisset
1226 2531 1394 2578 decem,

468 2595 523 2635 Di
562 2595 639 2636 tibi
680 2597 979 2638 malefaciant!
1048 2599 1125 2638 PH.
1173 2598 1339 2652 primus
1375 2614 1491 2641 esses
1531 2602 1782 2643 memoriter

467 2664 727 2717 Progeniem
764 2672 958 2706 nostram
990 2681 1128 2721 usque
1162 2666 1217 2708 ab
1249 2682 1332 2709 auo
1366 2675 1498 2722 atque
1526 2676 1656 2711 atauo
1680 2669 1779 2724 pro·

551 2734 705 2774 serens.

1868 405 1906 439 ²5

1863 890 1958 921 30v

1866 1305 1905 1337 35

1862 1859 1902 1888 40

1860 2410 1898 2442 45
