2043 3351
216 282 269 321 92
776 268 1021 302 TERENTI
1061 270 1328 304 PHORMIO.

333 392 420 434 CH.
451 392 554 445 Quo
578 391 711 447 pecto
736 401 811 434 aut
834 395 950 434 unde
975 394 1044 434 hic
1069 395 1177 434 haec
1202 395 1407 436 resciuit?
1454 396 1542 435 DE.
1575 395 1762 445 Nesci03

448 462 543 502 Nisi
568 463 636 502 me
660 463 826 503 dixisse
850 463 1012 502 nemini
1037 462 1156 503 certo
1179 465 1285 504 scio.

331 531 416 572 CH.
449 532 652 579 Monstri,
708 530 768 572 ita
820 545 890 571 me
948 533 991 572 di
1047 539 1208 580 ament,
1259 531 1413 573 simile.
1496 534 1578 573 PH.
1634 533 1769 573 Inieci

535 598 806 654 scrupulum.
871 600 959 640 DE.
997 601 1128 649 Hem,

216 670 296 709 955
448 669 610 710 Hicine
634 676 681 710 ut
704 684 728 709 a
751 669 880 709 nobis
904 668 988 709 hoc
1012 676 1182 711 tantum
1207 671 1375 723 argenti
1399 669 1567 711 auferat

444 739 555 780 Tam
579 739 732 793 aperte
756 739 978 779 inridens?
1011 739 1150 779 emori
1173 739 1321 780 hercle
1343 738 1479 780 satius
1503 745 1580 780 est.

444 807 611 848 Animo
635 807 748 849 uirili
772 808 1083 861 praesentique
1106 815 1153 848 ut
1175 807 1232 848 sis
1256 822 1376 862 para.

443 878 581 918 Vides
604 885 728 918 tuom
752 875 986 931 peccatum
1011 891 1105 917 esse
1130 875 1292 918 elatum
1317 877 1432 918 foras

444 947 603 1000 Neque
628 948 712 987 iam
737 946 780 987 1'd
805 948 947 987 celare
971 945 1102 1000 posse
1124 953 1166 987 te
1192 947 1377 987 uxorem
1400 953 1545 988 tuam:

215 1015 296 1055 960
446 1016 576 1056 Nunc
627 1015 745 1069 quod
796 1017 891 1070 ipsa
941 1030 997 1056 ex
1045 1016 1137 1056 aliis
1188 1014 1389 1056 auditura
1430 1014 1497 1064 s1't,
1542 1015 1767 1064 Chremes,

447 1085 499 1125 Id
523 1084 695 1126 no'smet
718 1074 910 1126 indicare
935 1085 1196 1139 placabilius
1221 1092 1298 1126 est.

445 1154 561 1194 Turn
585 1154 702 1194 hunc
726 1154 980 1208 inpuratum
1004 1154 1245 1208 poterimus
1270 1153 1420 1195 nostro
1443 1155 1578 1194 modo

444 1222 623 1264 Vlcl'sci.
688 1224 769 1265 PH.
804 1224 942 1272 Attat,
968 1223 1048 1264 nisi
1074 1225 1132 1264 mi
1155 1225 1395 1278 prospicio,
1421 1224 1598 1264 haereo.

449 1292 509 1332 Hi
534 1291 796 1344 gladiatorio
820 1292 968 1333 animo
993 1294 1046 1334 ad
1072 1307 1141 1333 me
1165 1292 1388 1334 adfectant
1412 1294 1543 1333 uiam,

216 1360 297 1400 965
333 1360 420 1402 CH.
449 1362 513 1402 At
535 1362 692 1401 uereor
723 1369 770 1402 ut
803 1361 967 1415 placari
1004 1363 1156 1416 possit.
1218 1363 1305 1404 DE.
1351 1361 1475 1402 Bono
1509 1363 1655 1403 animo
1693 1377 1761 1404 es:

448 1430 548 1483 Ego
582 1431 779 1484 redigam
813 1445 893 1471 uos
928 1432 969 1471 in
1003 1430 1202 1484 gratiam,
1238 1432 1323 1472 hoc
1358 1430 1504 1480 fretus,
1539 1432 1766 1480 Chremes,

448 1499 599 1552 Quom
657 1514 679 1540 e
737 1500 884 1540 medio
939 1501 1130 1542 excessit
1185 1499 1302 1542 {inde
1356 1502 1465 1542 haec
1520 1500 1769 1556 susceptast

534 1569 625 1609 tibi.

331 1638 413 1680 PH.
449 1639 545 1679 Itan
568 1636 696 1691 {figitis
721 1643 924 1679 mecum?
958 1637 1060 1680 satis
1084 1646 1225 1680 astute
1249 1640 1554 1694 adgredimini.

449 1708 549 1747 Non
572 1707 717 1747 hercle
741 1722 798 1748 ex
822 1722 866 1748 re
890 1709 1012 1749 istius
1037 1723 1106 1749 me
1130 1708 1359 1762 instigasti,
1382 1711 1623 1770 Demipho.

216 1775 297 1819 970
446 1776 537 1816 Ain
560 1781 636 1817 tu?
670 1775 743 1817 ubi
768 1791 880 1831 quae
904 1778 1092 1818 lubitum
1117 1777 1246 1820 fuerit
1269 1793 1454 1833 peregre
1478 1780 1630 1821 feceris

445 1846 605 1899 Neque
629 1845 757 1886 huius
781 1847 837 1886 sis
863 1847 1026 1887 ueritus
1050 1847 1237 1888 feminae
1261 1848 1508 1902 primariae,

447 1914 567 1967 Quin
592 1914 709 1955 nouo
733 1917 868 1956 modo
893 1924 934 1956 e's
956 1915 1122 1957 feiceres
1147 1919 1476 1966 contumeliam,

443 1982 608 2024 Venias
632 1998 747 2025 nunc
771 1985 977 2038 precibus
1002 1984 1169 2027 lautum
1193 1986 1427 2040 peccatum
1450 1991 1604 2028 tuom?

445 2053 582 2093 Hisce
606 2054 689 2106 ego
716 2054 832 2094 illam
857 2055 984 2095 dictis
1008 2054 1066 2095 ita
1088 2056 1168 2096 tibi
1193 2055 1416 2097 incensam
1440 2057 1571 2105 dabo,

214 2120 296 2164 975
445 2122 506 2162 Vt
529 2123 581 2162 ne
606 2123 863 2175 restinguas,
889 2122 1094 2165 lacrumis
1118 2126 1151 2165 si
1176 2124 1461 2166 extillaueris.

331 2191 417 2232 DE.
452 2187 646 2244 [Malum
671 2193 791 2245 quod
816 2193 884 2233 isti
908 2193 951 2233 di
975 2194 1175 2247 deaeque
1199 2208 1353 2234 omnes
1376 2193 1538 2250 duint.]

444 2257 644 2300 Tantane
692 2261 915 2302 adfectum
963 2263 1233 2316 quemquam
1281 2277 1376 2304 esse
1423 2263 1650 2304 hominem
1698 2277 1768 2305 au-

535 2327 686 2381 dacia!⁸

447 2397 550 2438 Non
573 2397 656 2438 hoc
681 2399 919 2452 publicitus
943 2400 1083 2441 scelus
1107 2401 1207 2441 hinc
1231 2400 1495 2455 asportarier

447 2467 499 2507 In
522 2465 636 2507 solas
659 2469 819 2508 terras!
858 2469 944 2510 CH.
980 2459 1031 2509 sn
1055 2470 1097 2510 id
1121 2471 1325 2511 redactus
1348 2469 1444 2511 sum
1468 2471 1564 2519 loci,

216 2536 297 2576 980
446 2536 508 2577 Vt
549 2535 654 2589 quid
699 2551 828 2589 agam
872 2551 973 2578 cum
1017 2538 1090 2578 illo
1134 2539 1325 2579 nesciam
1379 2553 1596 2593 prorsum.
1680 2540 1764 2582 DE.

538 2597 637 2658 Ego
661 2607 775 2646 scio:

450 2675 500 2714 In
524 2672 588 2715 ius
611 2688 775 2715 eamus,
837 2675 918 2716 PH.
954 2665 1005 2715 fn
1029 2676 1123 2717 ius?
1154 2676 1254 2724 huc,
1278 2678 1312 2718 si
1337 2676 1441 2731 quid
1465 2678 1599 2719 lubet.

334 2743 422 2784 CH.
453 2743 728 2796 Adsequere‚
753 2744 902 2792 retine,
927 2742 1031 2785 dum
1056 2759 1140 2798 ego
1163 2745 1249 2786 huc
1273 2760 1424 2787 seruos
1446 2747 1598 2788 euoco.

1844 469 1884 500 60

1844 1235 2043 1268 70»Ἰ

1843 1654 1883 1688 75

1842 1992 1884 2025 80
1948 1973 1993 2039 i
