2043 3351
193 834 272 872 :350

254 1318 275 1356 Ul

197 1733 277 1773 3⁴30

198 2079 276 2119 365

199 2632 278 2676 370

744 221 990 258 TERENTI
1030 218 1296 254 PHORMIO.

308 494 544 534 DEMIPHO
614 491 778 532 HEGIO
811 485 1242 530 CRATINVSCR1TO
1317 484 1550 524 PHORMm
1604 483 1737 525 GETA

378 581 510 606 SENEX
765 576 978 602 ADVOCATI
1030 574 1075 599 111
1314 571 1540 597 PARASITVS
1590 571 1742 597 SERVOS

308 696 395 735 DE.
429 693 711 748 Enumquam
736 692 980 745 quoiquam
1003 685 1362 729 contumeliosius
1762 685 1804 725 ΙΙ
1831 696 1850 735 3

423 763 627 804 Audistis
678 761 837 801 factam
892 756 1105 804 iniuriam,
1150 770 1284 809 quam
1331 756 1440 795 haec
1490 754 1556 795 e'st
1604 755 1740 795 mihi?

422 832 591 873 Ade'ste
625 843 804 884 quaeso,
869 827 951 868 GE.
996 825 1137 866 Iratus
1170 832 1245 865 est.
1293 824 1373 864 PH.
1419 823 1539 876 Quin
1571 830 1617 864 tu
1655 822 1737 863 hoc

511 915 617 954 age:

423 971 517 1011 Iam
560 983 643 1022 ego
687 966 803 1008 hunc
846 965 1038 1018 agitabo.
1121 962 1200 1017 pro
1247 963 1380 1003 deum
1427 960 1740 1009 inmortalium,

423 1041 569 1092 Negat
631 1036 844 1078 Phanium
906 1048 1001 1074 esse
1063 1033 1176 1073 hanc
1230 1031 1313 1072 sibi
1368 1037 1606 1084 cognatam
1655 1031 1741 1070 De'-
1841 1044 1856 1078 5

512 1107 692 1161 mipho?

425 1179 553 1218 Hanc
588 1175 812 1228 Demipho
846 1179 978 1226 negat
1009 1172 1105 1212 6556
1140 1164 1405 1223 cognatam?
1468 1169 1549 1209 GE.
1583 1169 1740 1222 Negat.

310 1249 391 1288 PH.
425 1248 583 1300 Neque
606 1244 699 1285 eius
722 1251 892 1298 patrem
923 1256 968 1282 56
999 1240 1110 1281 scire
1141 1241 1215 1293 qui
1247 1238 1403 1279 fuerit?
1466 1238 1548 1279 GE.
1584 1238 1740 1291 Negat.

310 1318 395 1357 DE.
429 1317 581 1370 Ipsum
605 1315 698 1354 e'sse
723 1314 882 1366 opinor
904 1312 957 1351 de'
983 1324 1071 1364 quo
1097 1309 1310 1362 agebam:
1344 1308 1593 1361 sequimini.

312 1385 528 1439 [P1·1.Nec
588 1383 867 1436 Stilphonem
923 1381 1068 1433 ipsum
1119 1379 1229 1418 scire
1285 1377 1360 1431 qui
1419 1377 1574 1417 fuerit?
1657 1375 1740 1417 GE.

512 1451 686 1505 Negat]

311 1525 392 1565 PH.
428 1523 543 1576 Quia
567 1522 700 1574 ege'ns
724 1520 917 1561 relictast
939 1518 1108 1566 misera,
1133 1514 1359 1570 ignoratur
1382 1529 1553 1569 parens,
1822 1528 1859 1551 10

425 1592 679 1643 Neclegitur
703 1591 822 1643 ipsa:
856 1588 956 1628 uide
981 1587 1162 1627 auaritia
1185 1584 1291 1638 quid
1316 1585 1429 1625 facit.

312 1663 394 1703 GE.
428 1661 473 1702 Si
498 1674 620 1702 erum
645 1658 917 1699 insimulabis
942 1655 1145 1702 malitiae,
1171 1655 1284 1694 male
1308 1652 1472 1694 audies.

312 1734 397 1772 DE.
429 1731 468 1772 O
502 1728 755 1770 audaciam!
803 1728 933 1767 etiam
978 1740 1047 1765 me
1090 1723 1203 1765 ultro
1247 1730 1503 1764 accusatum
1545 1721 1737 1764 aduenit.

314 1801 396 1841 PH.
433 1801 546 1839 Nam
590 1799 676 1838 iam
718 1795 989 1836 adulescenti
1033 1793 1139 1834 nihil
1182 1800 1247 1833 est
1291 1793 1412 1846 quod
1451 1792 1742 1839 suscenseam,

428 1869 472 1909 Si
507 1866 625 1908 illum
660 1867 802 1906 minus
837 1872 985 1912 norat;
1030 1862 1196 1917 quippe
1230 1862 1366 1902 homo
1400 1862 1486 1902 iam
1520 1859 1741 1915 grandior,
1824 1876 1858 1909 15

429 1937 611 1990 Pauper,
638 1936 741 1989 quoi
767 1936 808 1974 in
833 1948 966 1987 opere
990 1932 1080 1973 uita
1103 1938 1207 1980 erat,
1233 1930 1319 1972 ruri
1342 1931 1429 1972 fere

427 2007 484 2047 Se
507 2005 783 2052 continebat3
824 2003 882 2043 ibi
907 2016 1062 2056 agrum
1086 2003 1140 2042 de
1165 2000 1314 2042 nostro
1338 2008 1458 2054 patre

429 2075 675 2117 Colendum
700 2073 904 2113 habebat.
968 2072 1100 2125 saepe
1126 2072 1290 2111 interea
1314 2070 1420 2110 mihi
1444 2084 1580 2110 senex

427 2142 647 2185 Narrabat
671 2157 715 2183 se
739 2143 856 2182 hunc
881 2142 1113 2194 necle'gere
1137 2137 1375 2192 cognatum
1400 2149 1550 2179 suom:

426 2214 489 2254 At
521 2213 652 2266 quem
687 2211 855 2251 uirum!
903 2224 1036 2264 quem
1070 2224 1153 2262 ego
1188 2208 1373 2248 uiderim
1408 2209 1450 2248 in
1483 2209 1573 2249 uita
1614 2207 1740 2262 optu-
1819 2223 1859 2246 20

515 2295 649 2322 mum.

313 2353 396 2394 GE.
429 2350 593 2392 Videas
617 2358 673 2399 te,
701 2360 833 2407 atque
858 2354 978 2394 illum
1008 2350 1101 2406 [ut]
1131 2349 1300 2391 narras!
1360 2350 1439 2390 PH.
1474 2349 1491 2389 Ι
1518 2350 1559 2388 in
1583 2347 1743 2388 malam

513 2435 688 2467 crucem
707 2422 714 2462 !

426 2492 541 2532 Nam
586 2493 627 2533 ni
671 2494 772 2533 eum
816 2505 911 2532 esse
962 2487 1310 2532 existumassem.
1357 2501 1598 2541 numquam
1653 2485 1742 2527 tam

516 2563 661 2617 grauis

431 2634 503 2676 Ob
526 2633 639 2674 hanc
666 2630 913 2671 inimicitias
938 2626 1142 2681 caperem
1168 2627 1209 2666 in
1234 2633 1427 2667 uostram
1452 2623 1673 2668 familiam,

431 2703 576 2757 Quam
602 2702 635 2742 is
658 2699 916 2754 Aspernatur
939 2696 1053 2738 m'mc
1076 2703 1166 2737 tam
1191 2693 1483 2736 inliberaliter.
