2043 3351
815 297 1061 330 TERENTI
1100 296 1369 331 PHORMIO.

379 419 461 460 GE.
490 420 588 460 Tun
612 418 788 460 dixeras
812 419 944 461 huic?
979 418 1146 460 facinus
1170 418 1413 473 indignum,
1438 419 1664 469 Chremes,

493 488 565 530 Sic
590 487 833 529 circumiri!
873 488 959 529 CH.
994 489 1044 529 Id
1068 502 1169 528 cum
1192 487 1275 528 hoc
1299 489 1487 541 agebam
1511 488 1809 530 commodum.

261 558 341 598 615
374 557 458 598 GE.
490 558 606 598 Nam
637 557 784 598 hercie
814 558 898 611 ego
930 571 1109 611 quoque
1143 558 1185 598 id
1219 557 1399 611 quidem
1431 556 1602 611 zigitans
1636 572 1810 599 mecum

377 833 464 874 DE.

378 1039 459 1081 GE.

263 1110 343 1149 620

578 627 733 667 sedulo

494 696 663 744 Inueni,
707 696 878 750 opinor,
928 695 1171 736 re'medium
1218 694 1321 735 huic
1376 695 1451 735 rei.
1534 695 1621 736 CH.
1676 695 1810 749 Quid,

580 764 721 805 Geta?

497 833 631 886 Quod
653 834 926 874 remedium?
976 832 1060 874 GE.
1088 833 1149 874 Vt
1166 833 1252 873 abii
1270 831 1349 873 aibs
1367 840 1423 881 te,
1443 833 1491 874 fit
1509 833 1619 874 forte
1634 832 1811 874 obuiam

493 903 603 943 Mihi
651 901 872 944 Phormio,
953 902 1040 943 CH.
1086 901 1174 955 Qui
1218 901 1453 943 Phormio?
1516 903 1603 943 DE.
1651 902 1693 943 Is
1736 903 1811 956 qui

584 970 732 1012 ista'mc.
798 972 885 1012 CH.
921 971 1037 1012 Scio.

493 1039 692 1081 Visumst
716 1041 787 1088 mi,
813 1047 860 1081 ut
883 1041 976 1081 eius
1000 1041 1265 1094 temptarem
1289 1041 1565 1081 sententiam.

493 1111 665 1150 Prendo
720 1108 945 1150 hominem
1003 1110 1170 1150 solum:
1240 1114 1248 1129 ‘
1267 1108 1377 1163 quor
1438 1108 1551 1150 non'
1617 1109 1808 1164 inquam,

580 1186 587 1200 ⁴
607 1177 825 1226 Phormio,

491 1248 640 1296 Vides,
666 1249 776 1288 inter
799 1262 879 1288 nos
902 1247 962 1288 s1'c
987 1248 1096 1288 haec
1120 1248 1267 1302 potius
1291 1246 1391 1289 cum
1415 1248 1534 1289 bona

491 1317 552 1358 Vt
574 1316 895 1370 componamus
920 1316 1058 1370 grf'ttia
1081 1331 1214 1371 quam
1239 1316 1339 1357 cum
1364 1317 1507 1358 mala?

438 1438 439 1442 Ἰ
494 1386 606 1426 Erus
630 1385 820 1426 liberalis
843 1387 908 1427 est
931 1393 973 1427 et
996 1386 1187 1439 fugitans
1211 1385 1377 1435 litium;

376 1661 468 1702 ΑΝ.

261 2008 342 2048 630

258 2421 338 2460 630

372 2489 461 2530 ΑΝ.

492 1455 607 1495 Nam
630 1456 762 1496 ce'teri
785 1456 966 1509 quidem
990 1455 1135 1496 he'rcle
1160 1456 1288 1496 amici
1314 1456 1467 1496 omne's
1492 1456 1627 1496 modo

491 1524 592 1564 Vno
653 1523 728 1565 ore
790 1531 992 1565 auctores
1054 1524 1186 1573 fuere,
1242 1531 1289 1566 ut
1327 1525 1634 1579 praecipitem
1698 1523 1811 1566 h3'.nc

579 1593 729 1634 daret?

497 1662 616 1715 Quid
648 1663 718 1702 hic
749 1662 927 1716 coe'ptat
957 1668 1031 1703 aut
1059 1676 1149 1716 quo
1177 1661 1337 1704 eua'idet
1368 1662 1530 1704 hodie?
1592 1663 1675 1706 GE.
1710 1662 1810 1704 ‘An

585 1732 755 1784 legibus

491 1799 711 1841 Daturum
735 1814 903 1854 poenas
926 1799 1059 1847 dices,
1084 1801 1118 1840 si
1143 1800 1260 1841 illam
1284 1801 1488 1843 eiecerit?

493 1869 587 1909 Iam
612 1870 654 1910 id
677 1870 1025 1923 exploratumst:
1064 1869 1174 1917 heia,
1198 1869 1378 1911 sudabis
1402 1872 1520 1919 satis,

493 1938 539 1978 Si
563 1952 663 1978 cum
688 1937 761 1978 1‘110
786 1939 983 1991 inceptas
1007 1937 1209 1997 homine:
1248 1953 1300 1979 ea
1322 1940 1628 1993 eloquentiast.

489 2005 654 2047 Verum
680 2022 800 2061 pono
825 2021 919 2047 esse
944 2006 1111 2048 uictum
1135 2022 1260 2057 eum;
1300 2015 1343 2049 at
1365 2009 1544 2049 tande'm
1569 2016 1718 2050 tamen

489 2076 591 2116 Non
615 2075 771 2129 ceipitis
795 2077 833 2116 ei
858 2090 925 2116 res
947 2074 1104 2129 affigitur,
1130 2078 1206 2117 sed
1231 2076 1472 2130 pecuniae)

490 2145 730 2198 Postquam
755 2144 979 2185 hominem
1003 2145 1070 2186 his
1093 2146 1240 2186 uerbis
1263 2147 1405 2187 sentio
1430 2145 1650 2194 mollirier,

490 2217 499 2233 ‘
520 2213 613 2254 Soli
655 2228 806 2254 sumus
850 2228 967 2254 nunc
1014 2214 1108 2254 hic'
1153 2213 1357 2269 inquam:
1416 2215 1540 2264 ‘eho‚
1583 2216 1654 2256 dic
1704 2215 1810 2270 quid

578 2282 643 2322 uis
677 2284 769 2323 dari

487 2351 587 2391 Tibi
612 2350 653 2391 1'n
677 2365 869 2399 manum,
895 2358 942 2393 ut
966 2366 1065 2392 erus
1088 2351 1154 2392 his
1178 2351 1360 2394 desistat
1383 2352 1541 2400 litibus,

492 2420 617 2460 Haec
641 2419 742 2464 hinc
768 2421 966 2469 facessat,
990 2419 1035 2462 tu
1061 2422 1271 2462 molestus
1296 2422 1348 2462 ne
1372 2423 1484 2462 sies?
1504 2422 1511 2436 '

493 2488 618 2530 Satin
643 2489 700 2529 illi
726 2491 768 2530 di
793 2497 893 2530 sunt
917 2488 1123 2543 propitii?
1188 2490 1268 2530 GE.
1304 2494 1312 2510 ‘
1331 2491 1445 2531 Nam
1469 2489 1535 2531 seit
1557 2491 1662 2540 scio,

491 2558 536 2600 Si
560 2565 605 2599 tu
629 2557 823 2612 z'iliquam
847 2566 1016 2612 partem
1041 2558 1171 2612 aequi
1194 2559 1388 2613 bonique
1412 2558 1589 2607 dixeris,

487 2628 548 2668 Vt
570 2634 636 2668 est
660 2626 728 2667 ille
753 2628 896 2667 bonus
921 2628 997 2674 uir,
1022 2626 1103 2667 tria
1126 2642 1212 2667 non
1238 2626 1565 2668 commute'tbitis

487 2696 639 2737 Verba
682 2695 810 2736 hodie
853 2696 965 2737 inter
1008 2696 1115 2737 uos.’
1178 2696 1263 2736 DE.
1299 2696 1409 2749 Quis
1442 2703 1484 2737 te
1518 2697 1651 2737 istaec
1685 2695 1808 2737 iussit

577 2765 727 2819 loqui?
