2043 3351
258 268 315 317 64
818 267 1062 302 TERENTI
1101 269 1368 304 PHORMXO.

491 391 613 445 Quid
657 391 759 434 fiet?
839 392 921 434 GE.
976 395 1077 434 Non
1129 396 1247 448 enirn
1302 394 1446 437 diicet.
1529 396 1620 437 AN.
1674 397 1805 440 Noui.

578 461 772 502 ceterum

258 530 337 569 6595
489 530 641 584 Quom
665 531 896 583 argentum
921 539 1134 585 repetent,
1161 531 1308 574 ndstra
1332 547 1464 574 causa
1485 533 1653 576 scilicet

490 601 539 640 In
564 601 747 641 neruom
772 601 919 653 potius
943 599 1033 641 ibit.
1097 600 1175 641 GE.
1210 602 1283 642 Nil
1306 609 1384 650 est,
1409 594 1625 656 Antipho,
1887 616 1921 650 15

489 670 608 722 Quin
633 668 745 709 ma'le
770 670 987 709 narrando
1011 668 1150 723 pdssit
1173 670 1478 724 deprauarier:

486 740 552 779 Tu
579 740 620 779 id
644 738 761 792 qudd
788 739 935 779 bonist
957 739 1173 792 excerpis,
1199 741 1307 780 dicis
1331 739 1449 793 qudd
1474 741 1631 782 malist.

487 808 612 849 Audi
634 823 748 849 nunc
772 816 947 849 contra:
977 807 1061 848 iam
1085 809 1119 848 si
1144 816 1376 861 argentum
1400 810 1631 863 acceperit,

255 875 336 918 700
485 879 744 919 Duce'ndast
766 894 892 928 uxor,
917 877 964 920 tit
986 885 1062 927 ais,
1087 876 1286 918 comoed&
1309 879 1411 919 tibi:

486 947 689 1001 Spatifim
714 950 894 1002 quidem
917 950 1097 989 tandem
1120 946 1364 1001 adparandi
1390 946 1575 1001 miptias,
1880 964 1920 986 20

484 1016 700 1065 VocandL
725 1017 1014 1058 sacruficandi
1038 1018 1214 1058 dabitur
1237 1015 1480 1070 patilulum.

486 1087 659 1127 Interea
679 1088 809 1127 amici
834 1086 953 1141 quch
977 1088 1160 1141 polliciti
1186 1084 1287 1127 sfint
1310 1087 1503 1127 dabunt:

485 1156 594 1196 Inde
637 1155 716 1197 iste
760 1158 924 1198 reddet.
986 1157 1076 1198 AN.
1123 1156 1271 1210 Quam
1314 1155 1371 1196 ὀὶ)
1415 1170 1505 1196 rem
1518 1161 1545 1197 Ρ.
1579 1163 1654 1197 aut
1695 1158 1800 1211 quid

571 1226 715 1266 dice't?
778 1226 860 1266 GE.
896 1226 1074 1279 Rogas?

192 1302 194 1304 '
251 1290 332 1334 705
481 1298 491 1314 ⁴
514 1293 648 1346 Quod
672 1295 738 1335 re's
762 1296 938 1348 postilla
964 1295 1158 1336 mdnstra
1181 1294 1424 1336 eueneri'mt
1448 1295 1579 1335 mihi!

484 1363 604 1403 Intro
629 1362 676 1404 1‘it
698 1364 740 1404 in
763 1365 883 1404 aedis
906 1363 999 1405 ater
1021 1363 1187 1406 aliem'is
1211 1366 1330 1406 canis
1346 1363 1371 1413 ;Ἰ
1878 1377 1916 1411 25

480 1431 657 1485 Anguis
681 1447 760 1486 per
782 1434 1029 1487 inpluuium
1053 1435 1218 1475 decidit
1240 1435 1294 1475 de
1317 1435 1499 1488 te'gulis;
1581 1487 1584 1490 ἢ

480 1500 654 1542 Gallina
676 1503 856 1552 cecinit;
895 1502 1121 1544 interdixit
1143 1502 1359 1544 hariolus:
1536 1498 1540 1503 ⁴

481 1569 707 1624 Harispex
729 1572 892 1621 uetuit;
930 1571 1030 1613 ante
1054 1573 1256 1613 brumam
1279 1573 1425 1614 aute'm
1450 1574 1553 1614 noui

248 1637 329 1680 710
479 1639 642 1693 Negbti
667 1641 860 1694 incipere

481 1743 489 1750 .
611 1743 619 1750 .
742 1743 750 1751 .
871 1711 879 1726 '
899 1724 909 1751 τ
942 1711 1054 1764 quae
1078 1718 1253 1752 causast
1276 1710 1540 1752 iustissuma.
1873 1729 1913 1761 30

479 1778 606 1819 Haec
639 1778 757 1820 fient.
820 1778 909 1821 AN.
953 1780 1014 1821 Vt
1045 1781 1179 1821 modo
1214 1780 1343 1821 fiant!
1411 1781 1493 1822 GE.
1530 1781 1678 1822 Fient:
1728 1781 1796 1822 me

565 1848 681 1888 uide.

446 1936 448 1939 ·
478 1917 605 1958 Pater
626 1917 731 1958 exit:
764 1918 848 1966 abi,
873 1918 942 1959 dic
965 1918 1060 1959 esse
1083 1926 1315 1972 argentum
1339 1919 1590 1960 Phaedriae.

676 2189 911 2231 DEMIPHO
973 2190 1211 2232 CHREMES
1330 2190 1463 2232 GETA

839 2291 965 2316 SENES
1015 2291 1044 2315 11
1318 2290 1473 2316 SERVOS

355 2406 441 2447 DE.
475 2405 662 2459 Quietus
693 2413 801 2454 esto,
827 2407 1032 2460 inquam:
1065 2406 1148 2460 ego
1178 2406 1342 2447 curabo
1371 2406 1424 2446 ne
1447 2405 1552 2459 quid
1577 2418 1672 2445 uer·
1795 2404 1857 2444 IV
1883 2415 1900 2456 5

559 2462 715 2515 bonini
740 2476 846 2516 duit.

470 2544 572 2584 Hoc
601 2545 766 2584 temere
797 2558 1038 2597 numquam
1067 2543 1264 2585 amittam
1287 2557 1372 2597 ego
1396 2557 1420 2584 a
1444 2556 1524 2591 me,
1551 2541 1656 2597 quin
1681 2542 1786 2583 mihi

555 2614 678 2654 testis
700 2611 937 2653 adhibeam
956 2627 963 2653 :

236 2681 315 2723 715
469 2681 589 2736 Quoi
627 2682 727 2722 dem
765 2682 808 2722 et
844 2695 978 2735 quam
1021 2681 1078 2722 ob
1122 2695 1213 2722 rem
1256 2682 1371 2730 dem,
1407 2679 1781 2722 co'mmemorabo.

554 2750 638 2792 GE.
671 2751 731 2792 Vt
751 2748 906 2792 casatus
930 2756 1007 2799 est,
1032 2750 1107 2791 ubi
1131 2749 1191 2791 nss
1215 2757 1360 2804 opust.
