2043 3351
248 365 300 415 73
804 361 1051 395 TERENTI
1090 360 1358 395 PHORM1o.

247 487 330 527 810
363 487 451 528 DE.
481 486 601 541 Quid
634 488 728 529 est?
766 487 853 528 CH.
889 488 985 528 Itan
1019 500 1203 540 paruam
1237 485 1342 526 mihi
1381 486 1513 526 fidem
1552 499 1646 526 esse
1681 483 1798 539 apud

565 556 632 597 te!
698 557 785 596 DE.
818 556 906 596 Vin
930 570 999 596 me
1023 556 1229 596 credere?

475 626 563 666 Vin
598 624 702 666 szitis
739 625 986 679 quaesitum
1023 625 1081 664 mi
1118 623 1228 665 istuc
1259 628 1383 664 esse?
1416 637 1512 677 age,
1543 622 1630 664 fiat.
1666 623 1799 677 quid?

567 695 639 735 illa
662 694 751 734 filia

477 763 626 804 Amici
670 764 806 803 nostri
851 761 956 816 qui'd
1000 761 1268 802 futurumst?
1344 761 1432 802 CH.
1489 761 1639 802 Recte.
1713 761 1798 802 DE.

569 833 698 872 Hanc
723 833 855 885 igitur
878 830 1121 871 mittimus?

363 901 450 943 CH.
484 901 604 954 Quid
648 902 719 941 ni?
783 902 870 941 DE.
915 890 994 940 illa
1039 903 1241 940 maneat?
1304 898 1391 940 CH.
1437 897 1518 940 Sic.
1597 898 1684 938 DE.
1728 899 1797 939 Ire

564 971 696 1023 igitur
718 969 796 1010 tl'bi
821 970 936 1017 licet,
960 967 1250 1009 Nausistrata.

359 1040 446 1081 NA.
482 1039 554 1081 Sic
598 1038 672 1093 pol
716 1039 997 1079 commodius
1039 1038 1134 1078 e'sse
1178 1038 1220 1078 in
1254 1037 1397 1078 omnis
1430 1035 1632 1085 arbitror,
1668 1050 1800 1090 quam

565 1115 613 1149 ut
645 1108 871 1161 coeperas,

245 1179 325 1218 815
478 1177 659 1218 Manere
702 1177 839 1225 hanc;
879 1190 979 1216 nam
1015 1174 1288 1230 perliberalis
1332 1174 1479 1222 uisast,
1520 1188 1656 1228 quom
1695 1173 1799 1222 uidi,

567 1247 760 1287 mihi.—

361 1316 443 1356 DE.
477 1315 597 1368 Quid
622 1313 732 1356 istuc
756 1315 976 1368 negotist?
1041 1314 1127 1354 CH.
1165 1312 1318 1354 Izimne
1343 1313 1518 1367 operuit
1539 1311 1729 1353 ostium?

564 1385 648 1425 DE.
687 1385 795 1424 Iam.
858 1383 945 1424 CH.
981 1383 1020 1425 O
1055 1382 1267 1436 Iuppiter,

479 1453 537 1494 Di
569 1452 647 1493 nos
678 1453 938 1505 respiciunt:
979 1451 1157 1506 gnzitam
1191 1452 1337 1492 inueni
1372 1450 1554 1505 nuptam
1588 1464 1689 1491 cum
1725 1457 1801 1491 tuo

566 1521 671 1563 silio.
733 1523 820 1563 DE.
855 1522 986 1570 Hem,

479 1591 582 1645 Quo
627 1590 759 1645 pzicto
808 1588 898 1645 [id]
947 1590 1121 1644 potuit?
1183 1590 1268 1631 CH.
1313 1589 1413 1630 Non
1447 1590 1550 1630 satis
1582 1596 1703 1631 tutus
1736 1589 1801 1630 est

566 1661 620 1701 ad
644 1661 911 1700 narrandum
935 1659 1006 1700 hl'c
1030 1660 1166 1701 locus.

363 1731 450 1771 DE.
481 1729 543 1771 At
579 1737 625 1770 tu
669 1729 781 1770 intro
822 1729 905 1770 abi.
971 1729 1059 1770 CH.
1107 1729 1246 1778 Heus,
1283 1743 1337 1770 ne
1376 1727 1451 1770 filii
1491 1729 1671 1783 quidem
1715 1728 1800 1768 hoc

566 1797 699 1840 nostri
724 1797 961 1840 rescisce'mt
985 1798 1088 1839 uolo

968 2070 1197 2112 ANTIPHO

945 2169 1211 2195 ADVLESCENS

1878 1604 1916 1637 35
1977 1580 2009 1619 ³

249 2284 330 2324 820
481 2281 643 2325 Laetus
686 2297 797 2332 sum,
842 2290 889 2324 ut
933 2298 1055 2325 meae
1100 2298 1167 2325 res
1211 2284 1305 2325 sese
1349 2283 1527 2332 habent,
1567 2282 1685 2325 fratri
1728 2281 1801 2324 ob·
1827 2282 1917 2333 V4
1969 2323 2003 2330 ,

567 2353 718 2405 tigisse
743 2351 860 2406 quod
886 2354 992 2394 uolt.

482 2421 630 2474 Quam
664 2420 878 2467 scl'tumst.
913 2424 1005 2462 eius
1040 2423 1159 2463 modi
1194 2421 1235 2462 1'n
1270 2422 1416 2463 animo
1450 2420 1604 2476 parfi'tre
1637 2421 1804 2475 cupidi-

570 2489 695 2537 nites,

485 2558 621 2612 Quas,
675 2558 809 2613 quom
867 2574 933 2600 res
991 2560 1207 2601 aduorsae
1265 2560 1390 2609 sient,
1449 2557 1578 2612 paulo
1637 2559 1802 2600 mederi

570 2627 735 2682 possis!

485 2696 572 2738 Hic
607 2697 735 2738 simul
774 2704 1004 2751 argentum
1039 2698 1244 2751 repperit,
1279 2696 1382 2738 curzi
1418 2711 1512 2738 sese
1546 2695 1797 2751 expediuit;

484 2766 583 2819 Ego
627 2765 746 2807 nullo
790 2780 972 2820 possum
1017 2767 1211 2807 remedio
1260 2780 1328 2807 me
1379 2765 1583 2807 euoluere
1630 2780 1686 2806 ex
1716 2765 1802 2805 -his

573 2834 722 2881 turbis,

1903 2779 2005 2816 51¹
