2043 3351
235 296 290 337 68
793 291 1039 325 TERENTI
1078 263 1347 326 PHORMIo.

351 420 441 462 CH.
469 418 585 461 Nam
623 432 737 473 quae
774 418 884 458 haec
922 431 1030 458 anus
1057 424 1136 466 est,
1169 418 1423 459 exanimata
1455 432 1480 458 a
1511 416 1641 459 fratre
1674 431 1787 472 quae

554 491 774 547 egressast
795 496 924 533 meo?

352 570 431 613 SO.
466 569 600 623 Quod
636 575 683 608 ut
715 566 905 608 facerem
938 572 1112 619 egestas
1147 580 1217 607 me
1249 565 1421 620 inpulit,
1456 580 1592 620 quom
1631 565 1789 606 scirem

555 643 750 685 infirmas
774 639 950 694 nuptias

470 720 618 760 Hasce
647 719 754 765 esse,
778 722 826 757 ut
857 716 899 756 id
931 713 1222 765 consulerem,
1249 716 1414 756 interea
1442 714 1532 755 ul'ta
1555 721 1601 755 ut
1624 715 1666 754 in
1694 712 1789 755 tuto

556 794 679 834 foret.

223 868 317 913 735
353 870 440 912 CH.
473 869 602 910 Ce'rte
633 866 804 919 edepol,
837 865 918 905 nisi
953 878 1023 904 me
1056 862 1228 904 animus
1258 863 1367 905 fallit
1397 861 1470 904 aut
1497 877 1654 917 parum
1687 877 1789 916 pro-

555 942 748 997 spiciunt
770 940 900 986 oculi,

470 1019 600 1059 Meae
643 1017 858 1058 nutricem
897 1012 1055 1068 gnatae
1091 1014 1247 1054 uideo.
1302 1013 1380 1054 So,
1426 1013 1584 1066 Ne'que
1621 1011 1690 1052 ille
1727 1011 1790 1052 in-

556 1091 812 1145 uestigatur‚
866 1090 953 1131 CH.
989 1089 1108 1142 Quid
1133 1092 1248 1141 ago?

353 1169 430 1211 SO.
467 1168 555 1221 Qui
587 1169 654 1208 est
685 1168 778 1207 eius
811 1172 947 1219 pater.
1012 1164 1099 1205 CH.
1144 1155 1291 1210 A‘deo,
1325 1176 1497 1209 maneo,
1531 1162 1637 1202 dum
1681 1160 1790 1201 haec

555 1256 668 1296 quae
691 1242 886 1295 loquitur
910 1238 1049 1292 magis
1073 1242 1329 1292 cognosco?

353 1318 431 1361 SO.
466 1316 600 1371 Quod
633 1317 667 1357 si
700 1330 802 1356 eum
835 1329 951 1355 nunc
987 1312 1177 1367 reperire
1213 1313 1396 1366 possim,
1432 1310 1537 1352 nihil
1571 1318 1636 1351 est
1669 1310 1790 1364 quod

556 1390 722 1433 uerear.
787 1390 874 1431 CH.
910 1390 1018 1430 East
1040 1389 1157 1442 ipsa:

470 1466 737 1520 Conloquar.
801 1465 879 1506 ΞΟ.
916 1464 1026 1516 Quis
1056 1463 1127 1503 hic
1158 1462 1378 1516 loquitur?
1418 1461 1505 1503 CH.
1540 1461 1786 1515 Sophrona.

557 1541 635 1583 ΞΟ.
672 1532 729 1581 Et
752 1553 901 1580 meum
924 1552 1087 1579 nomen
1111 1536 1335 1578 nominat?

238 1616 319 1662 740
354 1617 437 1660 CH.
470 1617 659 1670 Respice
703 1615 757 1655 ad
801 1628 885 1654 me.
949 1613 1028 1654 ΞΟ.
1084 1613 1141 1653 Di
1183 1611 1369 1653 obsecro
1414 1626 1509 1660 uos,
1552 1612 1674 1652 e'stne
1719 1611 1790 1652 hic

558 1690 726 1743 Stilpo?
760 1688 847 1729 CH.
882 1687 997 1728 Non.
1034 1686 1112 1728 ΞΟ.
1147 1688 1325 1740 Negas?

353 1767 439 1809 CH.
469 1765 676 1807 Concede
719 1764 822 1804 hinc
864 1777 889 1804 a
937 1761 1102 1803 foribus
1151 1763 1332 1816 paulum
1386 1760 1591 1803 istorsum
1644 1761 1788 1808 sodes,

556 1839 805 1894 Sophrona.

467 1917 535 1956 Ne
555 1929 622 1955 me
646 1913 757 1955 istoc
780 1913 967 1967 posthac
991 1911 1167 1953 nomine
1191 1911 1461 1966 appellassis.
1526 1911 1604 1953 ΞΟ.
1640 1910 1790 1963 Quid?

556 2004 644 2030 non
667 1987 853 2029 obsecro
878 2002 923 2028 es

471 2064 617 2118 Quem
648 2064 823 2117 se'mper
852 2069 895 2103 te
925 2076 1020 2103 esse
1048 2061 1284 2103 dsctitasti?
1325 2061 1411 2103 CH.
1448 2059 1520 2103 St'.
1556 2060 1634 2102 SO.
1670 2059 1790 2112 Quid

556 2140 634 2179 has
658 2137 816 2178 metul's
841 2137 983 2178 fores?
1217 2118 1220 2122 ι

353 2215 442 2258 CH.
475 2211 743 2256 Conclusam
776 2213 847 2252 hic
875 2201 1020 2253 habeo
1052 2210 1236 2252 uxorem
1267 2224 1456 2252 saeuam.
1490 2210 1643 2250 uerum
1680 2210 1790 2250 istoc

557 2302 626 2329 me
650 2286 826 2328 nomine

238 2366 318 2408 745
470 2363 537 2404 Eo
561 2363 795 2417 perperam
819 2363 924 2403 olim
948 2360 1055 2409 dixi,
1076 2375 1129 2402 ne
1148 2375 1228 2402 uos
1244 2359 1351 2402 forte
1377 2359 1662 2414 inprudentes
1686 2357 1789 2398 foris

471 2437 730 2479 Effuttiretis
772 2436 905 2491 atque
949 2430 1005 2477 id'
1035 2450 1167 2490 porro
1217 2436 1364 2489 aliqua
1412 2433 1526 2474 uxor
1575 2446 1673 2473 mea
1724 2446 1789 2472 re-

558 2511 776 2553 scl'sceret.

356 2589 436 2630 ΞΟ.
471 2586 587 2629 Istoc
631 2588 705 2641 pol
748 2600 828 2627 nos
869 2592 912 2627 tc
955 2586 1025 2625 hic
1068 2584 1263 2625 inuenire
1311 2582 1495 2624 ml'serae
1545 2595 1788 2635 numquam

558 2661 795 2717 potuimus.

357 2739 445 2781 CH.
478 2737 577 2779 Eho
591 2736 659 2778 d1'c
674 2737 794 2784 mihi,
808 2735 912 2789 quid
930 2733 990 2775 rcl'
1005 2734 1126 2775 tibist
1140 2747 1239 2774 cum
1257 2732 1420 2774 familia
1434 2732 1516 2773 hac
1533 2731 1648 2772 unde
1663 2730 1787 2771 exis?

1871 1175 1907 1196 10

1871 1923 1907 1956 15
