2043 3351
210 282 266 313 20
767 265 1011 299 TERENTI
1050 262 1315 298 PHORMIO.

327 403 409 444 PH.
446 402 644 443 Memini.
709 399 792 441 GE.
828 391 926 448 Em,
952 412 1066 439 nunc
1095 399 1231 451 ipsast
1253 395 1378 450 opus,
1398 410 1450 436 ea
1479 403 1564 445 aut,
1589 397 1622 438 si
1647 395 1752 451 quid

562 477 689 516 otest.

443 485 626 580 Meliiore
651 545 694 579 et
716 536 951 578 callidiore.
1016 537 1098 576 PH.
1133 536 1229 576 Fiet
1251 535 1416 575 sedulo.
1831 546 1869 580 50

327 609 408 651 GE.
443 610 573 650 Nunc
597 607 717 662 prior
740 608 858 647 adito
882 613 942 654 tu,
966 605 1050 658 e'go
1074 606 1117 644 in
1141 605 1306 644 insidiis
1329 602 1399 643 hic
1423 617 1497 643 ero

212 680 292 720 230
447 674 888 723 subcenturiatus,“si
911 675 1016 728 quid
1040 672 1231 714 deficitis.
1295 672 1376 712 PH.
1410 671 1524 724 Age.

590 900 824 941 DEMIPHO
966 895 1222 935 PHAEDRIA
1361 891 1495 933 GETA

641 985 773 1011 SENEX
965 980 1231 1006 ADVLESCENS
1352 979 1502 1005 sssssvos

321 1085 408 1126 DE.
443 1074 565 1126 itane
589 1084 768 1125 ‘tandem
794 1080 978 1122 uxorem
1003 1080 1131 1120 duxit
1153 1070 1355 1131 Antipho
1380 1075 1544 1117 iniussu
1570 1080 1699 1117 meo?
1781 1075 1822 1116 II
1854 1087 1866 1116 1

442 1154 536 1194 Nec
561 1167 707 1193 meum
733 1152 977 1204 imperium,
1003 1163 1052 1189 ac
1077 1147 1203 1188 mitto
1232 1147 1478 1200 imperium,
1504 1144 1588 1186 non
1611 1145 1758 1185 simul-

530 1223 665 1263 tatem
690 1235 832 1261 meam

445 1293 653 1332 Reuere'ri
698 1286 876 1331 saltem!
935 1287 1020 1329 non
1064 1287 1255 1342 pudere!
1313 1300 1339 1326 o
1382 1283 1550 1325 facinus
1594 1285 1756 1330 audax,

530 1360 556 1401 ό
592 1361 704 1401 Geta

445 1429 665 1471 Monitor!
729 1429 813 1469 GE.
845 1429 935 1469 Vix
958 1428 1150 1468 tandem.
1213 1426 1300 1466 DE.
1339 1423 1458 1477 Quid
1483 1423 1589 1464 mihi
1612 1423 1760 1464 dicent

532 1498 605 1540 aut
628 1513 760 1553 quam
784 1511 961 1538 causam
985 1497 1237 1550 reperient?
1258 1520 1262 1523 ,

216 1570 294 1610 235
445 1567 663 1610 Demiror.
719 1567 801 1607 GE.
833 1566 972 1620 Atqui
992 1565 1229 1619 reperiam:
1268 1563 1386 1604 aliud
1405 1560 1518 1603 cura.
1570 1562 1657 1602 DE.
1685 1561 1758 1602 An
1861 1574 1877 1611 5

532 1638 617 1678 hoc
640 1638 756 1677 dice't
780 1637 909 1676 mihi:
1084 1627 1102 1644 ²
1452 1626 1456 1627 ⁷

446 1706 638 1747 ‘Inuitus
657 1707 752 1746 feci.
801 1706 873 1745 lex
891 1704 1086 1757 coegit'?
1120 1702 1263 1751 audio,
1283 1702 1432 1744 fateor.
1481 1702 1564 1744 GE.
1593 1701 1756 1743 Places.

330 1778 415 1818 DE.
447 1775 612 1816 Verum
636 1776 860 1822 scientem,
884 1773 1065 1815 tacitum
1089 1787 1266 1813 causam
1289 1771 1461 1814 traidere
1484 1770 1759 1819 aduorse't'riis,

446 1843 649 1885 Etidmne
674 1845 714 1884 id
740 1844 813 1883 lex
835 1841 1010 1896 coegit?
1065 1842 1147 1882 PH.
1180 1843 1294 1883 Illud
1318 1840 1490 1883 durum.
1545 1840 1629 1882 GE.
1660 1841 1759 1894 Ego

532 1912 794 1967 expedizim:
833 1913 936 1953 sine.

332 1985 416 2025 DE.
452 1984 717 2023 Incertumst
759 1983 864 2035 quid
908 1995 1051 2034 agam,
1096 1980 1199 2035 quia
1241 1987 1414 2034 praeter
1455 1993 1581 2034 spem
1628 1986 1759 2032 atque

533 2051 788 2092 incredibile
824 2051 909 2091 hoc
946 2052 1004 2092 mi
1036 2050 1220 2103 obtigit:

215 2123 295 2163 240
390 2122 456 2163 Ita
487 2135 582 2161 sum
619 2120 829 2168 inritatus,
854 2119 1052 2161 &inimum
1081 2126 1128 2160 ut
1155 2133 1372 2172 nequeam
1396 2118 1449 2158 ad
1473 2116 1759 2171 cogitandum
1841 2131 1877 2154 xo

536 2189 773 2231 instituere.

447 2259 594 2313 Quam
642 2260 699 2299 ob
744 2273 836 2300 rem
882 2258 1037 2307 omnis,
1082 2272 1220 2312 quom
1269 2256 1487 2298 secundae
1541 2271 1607 2297 res
1659 2263 1761 2297 sunt

534 2327 756 2375 mzixume,
787 2336 880 2369 turn
916 2327 1125 2368 mAxume

447 2396 653 2438 Meditz'iri
677 2412 827 2438 secum
851 2396 1038 2451 oportet,
1063 2411 1152 2450 quo
1177 2402 1308 2449 pacto
1330 2394 1565 2436 z'iduorsam
1590 2408 1759 2434 aerum—

534 2465 634 2507 ndm
659 2464 819 2507 ferant:
1359 2453 1365 2458 .

452 2534 655 2590 [Pericla,
711 2536 884 2583 damna,
937 2535 1069 2575 exilia
1122 2548 1303 2586 peregre
1362 2533 1533 2573 rediens
1585 2546 1784 2586 semper.

535 2602 723 2659 cogitet]

447 2673 543 2714 Aut
578 2672 637 2712 fili
674 2679 907 2726 peccatum
941 2670 1014 2713 aut
1047 2672 1196 2712 uxoris
1231 2669 1414 2712 mortem
1449 2676 1522 2710 aut
1556 2670 1759 2710 morbum

536 2741 673 2790 filiam
