<?xml version="1.0" encoding="UTF-8"?>
<!DOCTYPE html PUBLIC "-//W3C//DTD XHTML 1.0 Transitional//EN"
    "http://www.w3.org/TR/xhtml1/DTD/xhtml1-transitional.dtd">
<html xmlns="http://www.w3.org/1999/xhtml" xml:lang="en" lang="en">
 <head>
  <title>
</title>
<meta http-equiv="Content-Type" content="text/html;charset=utf-8" />
  <meta name='ocr-system' content='tesseract 3.04.00' />
  <meta name='ocr-capabilities' content='ocr_page ocr_carea ocr_par ocr_line ocrx_word'/>
</head>
<body>
  <div class='ocr_page' id='page_1' title='image "./phormioofterencetere00rich_0130.png"; bbox 0 0 2043 3351; ppageno 0'>
   <div class='ocr_carea' id='block_1_1' title="bbox 225 279 1341 330">
    <p class='ocr_par' dir='ltr' id='par_1_1' title="bbox 225 279 1341 330">
     <span class='ocr_line' id='line_1_1' title="bbox 225 279 1341 330; baseline 0.002 -17"><span class='ocrx_word' id='word_1_1' title='bbox 225 281 280 330; x_wconf 82' lang='lat'><strong>98</strong></span> <span class='ocrx_word' id='word_1_2' title='bbox 787 279 1034 313; x_wconf 87' lang='lat' dir='ltr'>TERENTI</span> <span class='ocrx_word' id='word_1_3' title='bbox 1075 280 1341 315; x_wconf 91' lang='lat' dir='ltr'><strong>PHORMIO.</strong></span> 
     </span>
    </p>
   </div>
   <div class='ocr_carea' id='block_1_2' title="bbox 220 402 1780 2797">
    <p class='ocr_par' dir='ltr' id='par_1_2' title="bbox 220 402 1780 2797">
     <span class='ocr_line' id='line_1_2' title="bbox 372 402 1778 459; baseline 0.003 -16"><span class='ocrx_word' id='word_1_4' title='bbox 372 403 457 444; x_wconf 91' lang='lat' dir='ltr'><strong>NA.</strong></span> <span class='ocrx_word' id='word_1_5' title='bbox 494 402 614 456; x_wconf 74' lang='lat' dir='ltr'><strong>Quid</strong></span> <span class='ocrx_word' id='word_1_6' title='bbox 659 418 743 457; x_wconf 85' lang='lat' dir='ltr'><strong>ego</strong></span> <span class='ocrx_word' id='word_1_7' title='bbox 783 419 927 458; x_wconf 86' lang='lat' dir='ltr'><strong>aequo</strong></span> <span class='ocrx_word' id='word_1_8' title='bbox 967 405 1143 446; x_wconf 89' lang='lat' dir='ltr'><strong>animo?</strong></span> <span class='ocrx_word' id='word_1_9' title='bbox 1187 403 1318 459; x_wconf 70' lang='lat' dir='ltr'><strong>cupio</strong></span> <span class='ocrx_word' id='word_1_10' title='bbox 1353 406 1511 445; x_wconf 85' lang='lat' dir='ltr'><strong>misera</strong></span> <span class='ocrx_word' id='word_1_11' title='bbox 1544 406 1586 446; x_wconf 92' lang='lat' dir='ltr'><strong>in</strong></span> <span class='ocrx_word' id='word_1_12' title='bbox 1618 405 1701 447; x_wconf 76' lang='lat' dir='ltr'><strong>hac</strong></span> <span class='ocrx_word' id='word_1_13' title='bbox 1733 420 1778 447; x_wconf 88' lang='lat' dir='ltr'><strong>re</strong></span> 
     </span>
     <span class='ocr_line' id='line_1_3' title="bbox 575 472 938 527; baseline 0.003 -14"><span class='ocrx_word' id='word_1_14' title='bbox 575 473 660 513; x_wconf 87' lang='lat' dir='ltr'><strong>iam</strong></span> <span class='ocrx_word' id='word_1_15' title='bbox 685 472 938 527; x_wconf 57' lang='lat' dir='ltr'><strong>deffingien</strong></span> 
     </span>
     <span class='ocr_line' id='line_1_4' title="bbox 491 541 1779 597; baseline 0 -14"><span class='ocrx_word' id='word_1_16' title='bbox 491 541 577 583; x_wconf 85' lang='lat' dir='ltr'><strong>Sed</strong></span> <span class='ocrx_word' id='word_1_17' title='bbox 603 543 676 595; x_wconf 91' lang='lat' dir='ltr'><strong>qui</strong></span> <span class='ocrx_word' id='word_1_18' title='bbox 702 542 747 583; x_wconf 87' lang='lat' dir='ltr'><strong>2&#39;d</strong></span> <span class='ocrx_word' id='word_1_19' title='bbox 772 548 975 596; x_wconf 90' lang='lat' dir='ltr'><strong>sperem?</strong></span> <span class='ocrx_word' id='word_1_20' title='bbox 1003 542 1145 584; x_wconf 71' lang='lat' dir='ltr'><strong>aetate</strong></span> <span class='ocrx_word' id='word_1_21' title='bbox 1168 557 1301 597; x_wconf 90' lang='lat' dir='ltr'><strong>porro</strong></span> <span class='ocrx_word' id='word_1_22' title='bbox 1326 542 1469 583; x_wconf 75' lang='lat' dir='ltr'><strong>minus</strong></span> <span class='ocrx_word' id='word_1_23' title='bbox 1493 542 1779 597; x_wconf 77' lang='lat' dir='ltr'><strong>peccaturum</strong></span> 
     </span>
     <span class='ocr_line' id='line_1_5' title="bbox 573 616 755 665; baseline 0.005 -14"><span class='ocrx_word' id='word_1_24' title='bbox 573 616 755 665; x_wconf 85' lang='lat' dir='ltr'><strong>putem?</strong></span> 
     </span>
     <span class='ocr_line' id='line_1_6' title="bbox 488 679 1777 728; baseline 0.002 -8"><span class='ocrx_word' id='word_1_25' title='bbox 488 679 582 720; x_wconf 76' lang='lat' dir='ltr'><strong>Iam</strong></span> <span class='ocrx_word' id='word_1_26' title='bbox 616 688 710 721; x_wconf 87' lang='lat' dir='ltr'><strong>tum</strong></span> <span class='ocrx_word' id='word_1_27' title='bbox 744 688 837 721; x_wconf 87' lang='lat' dir='ltr'><strong>erat</strong></span> <span class='ocrx_word' id='word_1_28' title='bbox 869 682 1016 728; x_wconf 82' lang='lat' dir='ltr'><strong>senex,</strong></span> <span class='ocrx_word' id='word_1_29' title='bbox 1048 688 1252 722; x_wconf 86' lang='lat' dir='ltr'><strong>senectus</strong></span> <span class='ocrx_word' id='word_1_30' title='bbox 1285 680 1322 721; x_wconf 66' lang='grc' dir='ltr'><strong>δι’</strong></span> <span class='ocrx_word' id='word_1_31' title='bbox 1355 680 1629 721; x_wconf 76' lang='lat' dir='ltr'><strong>uerecundes</strong></span> <span class='ocrx_word' id='word_1_32' title='bbox 1663 682 1777 723; x_wconf 85' lang='lat' dir='ltr'><strong>facit.</strong></span> 
     </span>
     <span class='ocr_line' id='line_1_7' title="bbox 486 741 1776 804; baseline 0.001 -15"><span class='ocrx_word' id='word_1_33' title='bbox 486 741 559 790; x_wconf 79' lang='grc' dir='ltr'><strong>Ᾱη</strong></span> <span class='ocrx_word' id='word_1_34' title='bbox 604 764 702 790; x_wconf 86' lang='lat' dir='ltr'><strong>mea</strong></span> <span class='ocrx_word' id='word_1_35' title='bbox 744 749 886 790; x_wconf 84' lang='lat' dir='ltr'><strong>forma</strong></span> <span class='ocrx_word' id='word_1_36' title='bbox 930 757 1061 804; x_wconf 88' lang='lat' dir='ltr'><strong>atque</strong></span> <span class='ocrx_word' id='word_1_37' title='bbox 1095 751 1213 791; x_wconf 88' lang='lat' dir='ltr'><strong>aetas</strong></span> <span class='ocrx_word' id='word_1_38' title='bbox 1247 764 1361 790; x_wconf 90' lang='lat' dir='ltr'><strong>nunc</strong></span> <span class='ocrx_word' id='word_1_39' title='bbox 1395 751 1535 803; x_wconf 82' lang='lat' dir='ltr'><strong>magis</strong></span> <span class='ocrx_word' id='word_1_40' title='bbox 1567 751 1776 803; x_wconf 78' lang='lat' dir='ltr'><strong>expeten-</strong></span> 
     </span>
     <span class='ocr_line' id='line_1_8' title="bbox 350 819 965 872; baseline 0.003 -14"><span class='ocrx_word' id='word_1_41' title='bbox 350 863 353 866; x_wconf 24' lang='lat' dir='ltr'><strong><em>s</em></strong></span> <span class='ocrx_word' id='word_1_42' title='bbox 573 821 684 866; x_wconf 89' lang='lat' dir='ltr'><strong>dast‚</strong></span> <span class='ocrx_word' id='word_1_43' title='bbox 707 819 965 872; x_wconf 88' lang='lat' dir='ltr'><strong>Demipho?</strong></span> 
     </span>
     <span class='ocr_line' id='line_1_9' title="bbox 228 887 1780 942; baseline 0.002 -17"><span class='ocrx_word' id='word_1_44' title='bbox 228 888 336 927; x_wconf 68' lang='lat'><strong>1025</strong></span> <span class='ocrx_word' id='word_1_45' title='bbox 489 887 609 940; x_wconf 75' lang='lat' dir='ltr'><strong>Quid</strong></span> <span class='ocrx_word' id='word_1_46' title='bbox 653 889 710 928; x_wconf 90' lang='lat' dir='ltr'><strong>mi</strong></span> <span class='ocrx_word' id='word_1_47' title='bbox 749 889 819 928; x_wconf 85' lang='lat' dir='ltr'><strong>hic</strong></span> <span class='ocrx_word' id='word_1_48' title='bbox 856 888 1013 936; x_wconf 79' lang='lat' dir='ltr'>adfers,</span> <span class='ocrx_word' id='word_1_49' title='bbox 1051 903 1184 942; x_wconf 87' lang='lat' dir='ltr'><strong>quam</strong></span> <span class='ocrx_word' id='word_1_50' title='bbox 1222 887 1278 929; x_wconf 75' lang='lat' dir='ltr'><strong>eb</strong></span> <span class='ocrx_word' id='word_1_51' title='bbox 1312 903 1403 928; x_wconf 93' lang='lat' dir='ltr'><strong>rem</strong></span> <span class='ocrx_word' id='word_1_52' title='bbox 1436 895 1672 942; x_wconf 81' lang='lat' dir='ltr'><strong>expectem</strong></span> <span class='ocrx_word' id='word_1_53' title='bbox 1706 895 1780 929; x_wconf 85' lang='lat' dir='ltr'><strong>aut</strong></span> 
     </span>
     <span class='ocr_line' id='line_1_10' title="bbox 575 956 1161 1010; baseline 0 -13"><span class='ocrx_word' id='word_1_54' title='bbox 575 958 748 1010; x_wconf 79' lang='lat' dir='ltr'><strong>sperem</strong></span> <span class='ocrx_word' id='word_1_55' title='bbox 772 971 906 1010; x_wconf 87' lang='lat' dir='ltr'><strong>porro</strong></span> <span class='ocrx_word' id='word_1_56' title='bbox 930 956 1016 997; x_wconf 75' lang='lat' dir='ltr'><strong>nen</strong></span> <span class='ocrx_word' id='word_1_57' title='bbox 1041 958 1161 997; x_wconf 84' lang='lat' dir='ltr'><strong>fore?</strong></span> 
     </span>
     <span class='ocr_line' id='line_1_11' title="bbox 371 1017 1776 1080; baseline 0.001 -15"><span class='ocrx_word' id='word_1_58' title='bbox 371 1026 454 1065; x_wconf 90' lang='lat' dir='ltr'><strong>PH.</strong></span> <span class='ocrx_word' id='word_1_59' title='bbox 490 1017 741 1080; x_wconf 78' lang='lat' dir='ltr'><strong>Exsequias</strong></span> <span class='ocrx_word' id='word_1_60' title='bbox 794 1026 1018 1067; x_wconf 90' lang='lat' dir='ltr'><strong>Chremeti</strong></span> <span class='ocrx_word' id='word_1_61' title='bbox 1063 1027 1224 1080; x_wconf 87' lang='lat' dir='ltr'><strong>quibus</strong></span> <span class='ocrx_word' id='word_1_62' title='bbox 1266 1033 1332 1067; x_wconf 90' lang='lat' dir='ltr'><strong>est</strong></span> <span class='ocrx_word' id='word_1_63' title='bbox 1374 1025 1660 1066; x_wconf 75' lang='lat' dir='ltr'><strong>cemmodum</strong></span> <span class='ocrx_word' id='word_1_64' title='bbox 1704 1027 1776 1072; x_wconf 87' lang='lat' dir='ltr'><strong>ire,</strong></span> 
     </span>
     <span class='ocr_line' id='line_1_12' title="bbox 574 1096 942 1149; baseline 0.005 -14"><span class='ocrx_word' id='word_1_65' title='bbox 574 1110 642 1135; x_wconf 88' lang='lat' dir='ltr'><strong>em</strong></span> <span class='ocrx_word' id='word_1_66' title='bbox 667 1096 841 1149; x_wconf 85' lang='lat' dir='ltr'><strong>tempus</strong></span> <span class='ocrx_word' id='word_1_67' title='bbox 865 1103 942 1137; x_wconf 89' lang='lat' dir='ltr'><strong>est.</strong></span> 
     </span>
     <span class='ocr_line' id='line_1_13' title="bbox 487 1163 1780 1218; baseline -0.001 -13"><span class='ocrx_word' id='word_1_68' title='bbox 487 1163 559 1205; x_wconf 75' lang='lat' dir='ltr'><strong>Sic</strong></span> <span class='ocrx_word' id='word_1_69' title='bbox 603 1166 742 1205; x_wconf 88' lang='lat' dir='ltr'><strong>dabo:</strong></span> <span class='ocrx_word' id='word_1_70' title='bbox 792 1179 873 1217; x_wconf 77' lang='lat' dir='ltr'><strong>age</strong></span> <span class='ocrx_word' id='word_1_71' title='bbox 916 1180 1045 1213; x_wconf 88' lang='lat' dir='ltr'><strong>nunc,</strong></span> <span class='ocrx_word' id='word_1_72' title='bbox 1086 1163 1398 1205; x_wconf 74' lang='lat' dir='ltr'><strong>Phermionem</strong></span> <span class='ocrx_word' id='word_1_73' title='bbox 1442 1163 1517 1218; x_wconf 81' lang='lat' dir='ltr'><strong>qui</strong></span> <span class='ocrx_word' id='word_1_74' title='bbox 1559 1165 1680 1205; x_wconf 88' lang='lat' dir='ltr'><strong>uolet</strong></span> <span class='ocrx_word' id='word_1_75' title='bbox 1720 1164 1780 1204; x_wconf 83' lang='lat' dir='ltr'><strong>la-</strong></span> 
     </span>
     <span class='ocr_line' id='line_1_14' title="bbox 574 1234 756 1274; baseline 0 0"><span class='ocrx_word' id='word_1_76' title='bbox 574 1234 756 1274; x_wconf 88' lang='lat' dir='ltr'><strong>cessito:</strong></span> 
     </span>
     <span class='ocr_line' id='line_1_15' title="bbox 487 1300 1776 1357; baseline 0.001 -15"><span class='ocrx_word' id='word_1_77' title='bbox 487 1301 612 1343; x_wconf 76' lang='lat' dir='ltr'><strong>Faxo</strong></span> <span class='ocrx_word' id='word_1_78' title='bbox 655 1304 728 1343; x_wconf 84' lang='lat' dir='ltr'><strong>tali</strong></span> <span class='ocrx_word' id='word_1_79' title='bbox 772 1302 827 1344; x_wconf 86' lang='lat' dir='ltr'><strong>s1&#39;t</strong></span> <span class='ocrx_word' id='word_1_80' title='bbox 870 1310 1086 1344; x_wconf 87' lang='lat' dir='ltr'><strong>mactatus</strong></span> <span class='ocrx_word' id='word_1_81' title='bbox 1128 1302 1263 1357; x_wconf 75' lang='lat' dir='ltr'><strong>atque</strong></span> <span class='ocrx_word' id='word_1_82' title='bbox 1306 1302 1377 1344; x_wconf 87' lang='lat' dir='ltr'><strong>hic</strong></span> <span class='ocrx_word' id='word_1_83' title='bbox 1421 1310 1486 1343; x_wconf 87' lang='lat' dir='ltr'><strong>est</strong></span> <span class='ocrx_word' id='word_1_84' title='bbox 1524 1300 1776 1343; x_wconf 60' lang='lat' dir='ltr'><strong>infortunio.</strong></span> 
     </span>
     <span class='ocr_line' id='line_1_16' title="bbox 369 1361 1751 1422; baseline 0 -7"><span class='ocrx_word' id='word_1_85' title='bbox 369 1374 458 1415; x_wconf 86' lang='lat' dir='ltr'><strong>DE.</strong></span> <span class='ocrx_word' id='word_1_86' title='bbox 495 1374 516 1394; x_wconf 77' lang='lat'><em>*</em></span> <span class='ocrx_word' id='word_1_87' title='bbox 540 1361 729 1422; x_wconf 63' lang='lat' dir='ltr'><strong>Obsecro,</strong></span> <span class='ocrx_word' id='word_1_88' title='bbox 754 1389 804 1413; x_wconf 73' lang='lat' dir='ltr'><strong>ne</strong></span> <span class='ocrx_word' id='word_1_89' title='bbox 823 1375 910 1414; x_wconf 67' lang='lat' dir='ltr'><strong>seim</strong></span> <span class='ocrx_word' id='word_1_90' title='bbox 927 1375 1132 1414; x_wconf 69' lang='lat' dir='ltr'><strong>saevieris</strong></span> <span class='ocrx_word' id='word_1_91' title='bbox 1152 1374 1297 1414; x_wconf 75' lang='lat' dir='ltr'><strong>minue</strong></span> <span class='ocrx_word' id='word_1_92' title='bbox 1313 1374 1426 1414; x_wconf 76' lang='lat' dir='ltr'><strong>iram</strong></span> <span class='ocrx_word' id='word_1_93' title='bbox 1446 1373 1751 1415; x_wconf 72' lang='lat' dir='ltr'><strong>Nausistrata.</strong></span> 
     </span>
     <span class='ocr_line' id='line_1_17' title="bbox 369 1431 1774 1496; baseline 0 -12"><span class='ocrx_word' id='word_1_94' title='bbox 369 1444 453 1484; x_wconf 85' lang='lat' dir='ltr'><strong>PH.</strong></span> <span class='ocrx_word' id='word_1_95' title='bbox 490 1443 661 1484; x_wconf 78' lang='lat' dir='ltr'><strong>Redeat</strong></span> <span class='ocrx_word' id='word_1_96' title='bbox 702 1457 806 1483; x_wconf 83' lang='lat' dir='ltr'><strong>sane</strong></span> <span class='ocrx_word' id='word_1_97' title='bbox 850 1444 892 1482; x_wconf 82' lang='lat' dir='ltr'><strong>in</strong></span> <span class='ocrx_word' id='word_1_98' title='bbox 935 1442 1120 1495; x_wconf 75' lang='lat' dir='ltr'><strong>gratiam</strong></span> <span class='ocrx_word' id='word_1_99' title='bbox 1164 1444 1272 1483; x_wconf 81' lang='lat' dir='ltr'><strong>iam:</strong></span> <span class='ocrx_word' id='word_1_100' title='bbox 1331 1431 1521 1496; x_wconf 67' lang='lat' dir='ltr'><strong>siipplici</strong></span> <span class='ocrx_word' id='word_1_101' title='bbox 1563 1443 1667 1482; x_wconf 90' lang='lat' dir='ltr'><strong>satis</strong></span> <span class='ocrx_word' id='word_1_102' title='bbox 1708 1443 1774 1484; x_wconf 88' lang='lat' dir='ltr'><strong>est</strong></span> 
     </span>
     <span class='ocr_line' id='line_1_18' title="bbox 545 1513 665 1553; baseline 0.017 -2"><span class='ocrx_word' id='word_1_103' title='bbox 545 1513 665 1553; x_wconf 80' lang='lat' dir='ltr'><strong>mihi.</strong></span> 
     </span>
     <span class='ocr_line' id='line_1_19' title="bbox 221 1578 1770 1635; baseline -0.001 -15"><span class='ocrx_word' id='word_1_104' title='bbox 221 1581 331 1621; x_wconf 82' lang='lat'><strong>1030</strong></span> <span class='ocrx_word' id='word_1_105' title='bbox 482 1579 630 1621; x_wconf 79' lang='lat' dir='ltr'><strong>Habet</strong></span> <span class='ocrx_word' id='word_1_106' title='bbox 667 1581 776 1620; x_wconf 85' lang='lat' dir='ltr'><strong>haec</strong></span> <span class='ocrx_word' id='word_1_107' title='bbox 809 1585 849 1620; x_wconf 81' lang='lat' dir='ltr'><strong>e&#39;1&#39;</strong></span> <span class='ocrx_word' id='word_1_108' title='bbox 882 1579 1013 1634; x_wconf 77' lang='lat' dir='ltr'><strong>qued,</strong></span> <span class='ocrx_word' id='word_1_109' title='bbox 1048 1581 1154 1621; x_wconf 90' lang='lat' dir='ltr'><strong>dum</strong></span> <span class='ocrx_word' id='word_1_110' title='bbox 1189 1580 1322 1628; x_wconf 85' lang='lat' dir='ltr'><strong>uiuat,</strong></span> <span class='ocrx_word' id='word_1_111' title='bbox 1358 1578 1497 1635; x_wconf 72' lang='lat' dir='ltr'><strong>usque</strong></span> <span class='ocrx_word' id='word_1_112' title='bbox 1532 1580 1586 1620; x_wconf 90' lang='lat' dir='ltr'><strong>ad</strong></span> <span class='ocrx_word' id='word_1_113' title='bbox 1621 1593 1770 1620; x_wconf 87' lang='lat' dir='ltr'><strong>aurem</strong></span> 
     </span>
     <span class='ocr_line' id='line_1_20' title="bbox 569 1648 824 1702; baseline -0.012 -12"><span class='ocrx_word' id='word_1_114' title='bbox 569 1648 824 1702; x_wconf 75' lang='lat' dir='ltr'><strong>obganniat.</strong></span> 
     </span>
     <span class='ocr_line' id='line_1_21' title="bbox 362 1711 1770 1772; baseline 0 -13"><span class='ocrx_word' id='word_1_115' title='bbox 362 1720 448 1759; x_wconf 87' lang='lat' dir='ltr'><strong>NA.</strong></span> <span class='ocrx_word' id='word_1_116' title='bbox 483 1711 546 1759; x_wconf 67' lang='grc' dir='ltr'><strong>Ᾱῖ</strong></span> <span class='ocrx_word' id='word_1_117' title='bbox 579 1733 678 1758; x_wconf 89' lang='lat' dir='ltr'><strong>meo</strong></span> <span class='ocrx_word' id='word_1_118' title='bbox 712 1719 869 1758; x_wconf 81' lang='lat' dir='ltr'><strong>merito</strong></span> <span class='ocrx_word' id='word_1_119' title='bbox 903 1719 1049 1759; x_wconf 89' lang='lat' dir='ltr'><strong>credo.</strong></span> <span class='ocrx_word' id='word_1_120' title='bbox 1085 1719 1191 1772; x_wconf 89' lang='lat' dir='ltr'><strong>quid</strong></span> <span class='ocrx_word' id='word_1_121' title='bbox 1227 1732 1312 1771; x_wconf 77' lang='lat' dir='ltr'><strong>ego</strong></span> <span class='ocrx_word' id='word_1_122' title='bbox 1348 1716 1463 1759; x_wconf 87' lang='lat' dir='ltr'><strong>m&#39;mc</strong></span> <span class='ocrx_word' id='word_1_123' title='bbox 1497 1732 1770 1759; x_wconf 89' lang='lat' dir='ltr'><strong>commemo-</strong></span> 
     </span>
     <span class='ocr_line' id='line_1_22' title="bbox 568 1787 936 1841; baseline 0 -14"><span class='ocrx_word' id='word_1_124' title='bbox 568 1802 671 1832; x_wconf 84' lang='lat' dir='ltr'><strong>rem.</strong></span> <span class='ocrx_word' id='word_1_125' title='bbox 696 1787 936 1841; x_wconf 76' lang='lat' dir='ltr'><strong>Demipho,</strong></span> 
     </span>
     <span class='ocr_line' id='line_1_23' title="bbox 480 1855 1770 1910; baseline 0.001 -13"><span class='ocrx_word' id='word_1_126' title='bbox 480 1856 760 1909; x_wconf 74' lang='lat' dir='ltr'><strong>Singulatim,</strong></span> <span class='ocrx_word' id='word_1_127' title='bbox 785 1855 925 1910; x_wconf 76' lang='lat' dir='ltr'><strong>qualis</strong></span> <span class='ocrx_word' id='word_1_128' title='bbox 949 1870 1033 1910; x_wconf 84' lang='lat' dir='ltr'><strong>ego</strong></span> <span class='ocrx_word' id='word_1_129' title='bbox 1067 1857 1109 1896; x_wconf 90' lang='lat' dir='ltr'><strong>in</strong></span> <span class='ocrx_word' id='word_1_130' title='bbox 1142 1857 1258 1897; x_wconf 88' lang='lat' dir='ltr'><strong>hunc</strong></span> <span class='ocrx_word' id='word_1_131' title='bbox 1292 1855 1476 1898; x_wconf 65' lang='lat' dir='ltr'><strong>fuerim?</strong></span> <span class='ocrx_word' id='word_1_132' title='bbox 1540 1858 1627 1898; x_wconf 85' lang='lat' dir='ltr'><strong>DE.</strong></span> <span class='ocrx_word' id='word_1_133' title='bbox 1652 1858 1770 1898; x_wconf 88' lang='lat' dir='ltr'><strong>Noui</strong></span> 
     </span>
     <span class='ocr_line' id='line_1_24' title="bbox 567 1925 1162 1979; baseline -0.003 -13"><span class='ocrx_word' id='word_1_134' title='bbox 567 1940 705 1979; x_wconf 89' lang='lat' dir='ltr'><strong>aeque</strong></span> <span class='ocrx_word' id='word_1_135' title='bbox 727 1925 876 1965; x_wconf 71' lang='lat' dir='ltr'><strong>emnia</strong></span> <span class='ocrx_word' id='word_1_136' title='bbox 1159 1967 1162 1970; x_wconf 58' lang='grc'><em>,</em></span> 
     </span>
     <span class='ocr_line' id='line_1_25' title="bbox 477 1994 1769 2036; baseline 0 0"><span class='ocrx_word' id='word_1_137' title='bbox 477 1996 659 2036; x_wconf 88' lang='lat' dir='ltr'><strong>Tecum.</strong></span> <span class='ocrx_word' id='word_1_138' title='bbox 742 1995 828 2035; x_wconf 82' lang='lat' dir='ltr'><strong>NA.</strong></span> <span class='ocrx_word' id='word_1_139' title='bbox 884 1995 1046 2035; x_wconf 86' lang='lat' dir='ltr'><strong>Merito</strong></span> <span class='ocrx_word' id='word_1_140' title='bbox 1088 1995 1174 2035; x_wconf 88' lang='lat' dir='ltr'><strong>hoc</strong></span> <span class='ocrx_word' id='word_1_141' title='bbox 1218 1994 1317 2036; x_wconf 81' lang='lat' dir='ltr'><strong>mec&#39;)</strong></span> <span class='ocrx_word' id='word_1_142' title='bbox 1360 1997 1535 2036; x_wconf 88' lang='lat' dir='ltr'><strong>uidetur</strong></span> <span class='ocrx_word' id='word_1_143' title='bbox 1576 1994 1769 2036; x_wconf 73' lang='lat' dir='ltr'><strong>factum?</strong></span> 
     </span>
     <span class='ocr_line' id='line_1_26' title="bbox 566 2051 1122 2122; baseline 0.002 -17"><span class='ocrx_word' id='word_1_144' title='bbox 566 2066 653 2106; x_wconf 88' lang='lat' dir='ltr'><strong>DE.</strong></span> <span class='ocrx_word' id='word_1_145' title='bbox 688 2065 888 2122; x_wconf 85' lang='lat' dir='ltr'><strong>Minume</strong></span> <span class='ocrx_word' id='word_1_146' title='bbox 913 2051 1122 2117; x_wconf 83' lang='lat' dir='ltr'><strong>gentium.</strong></span> 
     </span>
     <span class='ocr_line' id='line_1_27' title="bbox 476 2132 1770 2187; baseline 0.001 -14"><span class='ocrx_word' id='word_1_147' title='bbox 476 2134 642 2174; x_wconf 88' lang='lat' dir='ltr'><strong>Verum</strong></span> <span class='ocrx_word' id='word_1_148' title='bbox 688 2135 772 2173; x_wconf 88' lang='lat' dir='ltr'><strong>iam</strong></span> <span class='ocrx_word' id='word_1_149' title='bbox 817 2135 995 2187; x_wconf 87' lang='lat' dir='ltr'><strong>quando</strong></span> <span class='ocrx_word' id='word_1_150' title='bbox 1028 2132 1280 2175; x_wconf 74' lang='lat' dir='ltr'><strong>accusando</strong></span> <span class='ocrx_word' id='word_1_151' title='bbox 1313 2133 1406 2174; x_wconf 76' lang='lat' dir='ltr'><strong>fieri</strong></span> <span class='ocrx_word' id='word_1_152' title='bbox 1439 2134 1649 2174; x_wconf 87' lang='lat' dir='ltr'><strong>infectum</strong></span> <span class='ocrx_word' id='word_1_153' title='bbox 1684 2133 1770 2174; x_wconf 76' lang='lat' dir='ltr'><strong>nen</strong></span> 
     </span>
     <span class='ocr_line' id='line_1_28' title="bbox 567 2210 725 2256; baseline 0 -13"><span class='ocrx_word' id='word_1_154' title='bbox 567 2210 725 2256; x_wconf 84' lang='lat' dir='ltr'><strong>potest,</strong></span> 
     </span>
     <span class='ocr_line' id='line_1_29' title="bbox 220 2263 1769 2327; baseline 0 -13"><span class='ocrx_word' id='word_1_155' title='bbox 220 2274 327 2314; x_wconf 66' lang='lat'>10:35</span> <span class='ocrx_word' id='word_1_156' title='bbox 480 2263 692 2325; x_wconf 61' lang='lat' dir='ltr'><strong>ignosce:</strong></span> <span class='ocrx_word' id='word_1_157' title='bbox 732 2280 828 2314; x_wconf 87' lang='lat' dir='ltr'><strong>orat</strong></span> <span class='ocrx_word' id='word_1_158' title='bbox 851 2272 1085 2314; x_wconf 76' lang='lat' dir='ltr'><strong>cc&#39;mfitetur</strong></span> <span class='ocrx_word' id='word_1_159' title='bbox 1107 2272 1287 2327; x_wconf 69' lang='lat' dir='ltr'><strong>purgat:</strong></span> <span class='ocrx_word' id='word_1_160' title='bbox 1327 2274 1432 2327; x_wconf 88' lang='lat' dir='ltr'><strong>quid</strong></span> <span class='ocrx_word' id='word_1_161' title='bbox 1457 2274 1522 2313; x_wconf 90' lang='lat' dir='ltr'><strong>uis</strong></span> <span class='ocrx_word' id='word_1_162' title='bbox 1551 2272 1769 2326; x_wconf 74' lang='lat' dir='ltr'><strong>amplius?</strong></span> 
     </span>
     <span class='ocr_line' id='line_1_30' title="bbox 364 2333 1769 2396; baseline 0 -14"><span class='ocrx_word' id='word_1_163' title='bbox 364 2343 444 2382; x_wconf 88' lang='lat' dir='ltr'><strong>PH.</strong></span> <span class='ocrx_word' id='word_1_164' title='bbox 482 2333 613 2381; x_wconf 78' lang='lat' dir='ltr'><strong>Enim</strong></span> <span class='ocrx_word' id='word_1_165' title='bbox 655 2356 763 2382; x_wconf 85' lang='lat' dir='ltr'><strong>uero</strong></span> <span class='ocrx_word' id='word_1_166' title='bbox 809 2344 928 2396; x_wconf 91' lang='lat' dir='ltr'><strong>prius</strong></span> <span class='ocrx_word' id='word_1_167' title='bbox 973 2357 1106 2396; x_wconf 81' lang='lat' dir='ltr'><strong>quam</strong></span> <span class='ocrx_word' id='word_1_168' title='bbox 1151 2343 1259 2383; x_wconf 82' lang='lat' dir='ltr'><strong>haec</strong></span> <span class='ocrx_word' id='word_1_169' title='bbox 1310 2343 1385 2383; x_wconf 88' lang='lat' dir='ltr'><strong>dat</strong></span> <span class='ocrx_word' id='word_1_170' title='bbox 1431 2343 1619 2389; x_wconf 84' lang='lat' dir='ltr'><strong>ueniam,</strong></span> <span class='ocrx_word' id='word_1_171' title='bbox 1664 2341 1769 2382; x_wconf 69' lang='lat' dir='ltr'><strong>mihi</strong></span> 
     </span>
     <span class='ocr_line' id='line_1_31' title="bbox 566 2412 1178 2464; baseline 0.005 -14"><span class='ocrx_word' id='word_1_172' title='bbox 566 2412 834 2464; x_wconf 76' lang='lat' dir='ltr'><strong>prospiciam</strong></span> <span class='ocrx_word' id='word_1_173' title='bbox 861 2419 903 2452; x_wconf 88' lang='lat' dir='ltr'><strong>et</strong></span> <span class='ocrx_word' id='word_1_174' title='bbox 926 2412 1178 2453; x_wconf 79' lang='lat' dir='ltr'><strong>Phaedriae.</strong></span> 
     </span>
     <span class='ocr_line' id='line_1_32' title="bbox 480 2478 1767 2534; baseline 0 -14"><span class='ocrx_word' id='word_1_175' title='bbox 480 2478 605 2520; x_wconf 72' lang='lat' dir='ltr'><strong>Heus</strong></span> <span class='ocrx_word' id='word_1_176' title='bbox 668 2479 956 2527; x_wconf 74' lang='lat' dir='ltr'><strong>Nausistrata,</strong></span> <span class='ocrx_word' id='word_1_177' title='bbox 1012 2482 1130 2534; x_wconf 81' lang='lat' dir='ltr'><strong>prius</strong></span> <span class='ocrx_word' id='word_1_178' title='bbox 1185 2495 1318 2534; x_wconf 86' lang='lat' dir='ltr'><strong>quam</strong></span> <span class='ocrx_word' id='word_1_179' title='bbox 1371 2480 1473 2520; x_wconf 86' lang='lat' dir='ltr'><strong>huic</strong></span> <span class='ocrx_word' id='word_1_180' title='bbox 1527 2479 1767 2534; x_wconf 77' lang='lat' dir='ltr'><strong>respendes</strong></span> 
     </span>
     <span class='ocr_line' id='line_1_33' title="bbox 566 2549 1307 2602; baseline 0.001 -13"><span class='ocrx_word' id='word_1_181' title='bbox 566 2556 744 2595; x_wconf 84' lang='lat' dir='ltr'><strong>temere,</strong></span> <span class='ocrx_word' id='word_1_182' title='bbox 770 2549 883 2590; x_wconf 80' lang='lat' dir='ltr'><strong>audi.</strong></span> <span class='ocrx_word' id='word_1_183' title='bbox 949 2550 1035 2590; x_wconf 84' lang='lat' dir='ltr'><strong>NA.</strong></span> <span class='ocrx_word' id='word_1_184' title='bbox 1072 2549 1190 2602; x_wconf 76' lang='lat' dir='ltr'><strong>Quid</strong></span> <span class='ocrx_word' id='word_1_185' title='bbox 1214 2554 1307 2590; x_wconf 79' lang='lat' dir='ltr'><strong>est?</strong></span> 
     </span>
     <span class='ocr_line' id='line_1_34' title="bbox 364 2609 1762 2671; baseline -0.001 -12"><span class='ocrx_word' id='word_1_186' title='bbox 364 2619 445 2659; x_wconf 88' lang='lat' dir='ltr'><strong>PH.</strong></span> <span class='ocrx_word' id='word_1_187' title='bbox 483 2609 582 2671; x_wconf 73' lang='lat' dir='ltr'><strong>Ego</strong></span> <span class='ocrx_word' id='word_1_188' title='bbox 618 2619 756 2658; x_wconf 84' lang='lat' dir='ltr'><strong>minas</strong></span> <span class='ocrx_word' id='word_1_189' title='bbox 789 2617 967 2671; x_wconf 76' lang='lat' dir='ltr'><strong>triginta</strong></span> <span class='ocrx_word' id='word_1_190' title='bbox 998 2632 1075 2671; x_wconf 89' lang='lat' dir='ltr'><strong>per</strong></span> <span class='ocrx_word' id='word_1_191' title='bbox 1110 2617 1325 2658; x_wconf 69' lang='lat' dir='ltr'><strong>fallaciam</strong></span> <span class='ocrx_word' id='word_1_192' title='bbox 1354 2618 1408 2658; x_wconf 86' lang='lat' dir='ltr'><strong>ab</strong></span> <span class='ocrx_word' id='word_1_193' title='bbox 1445 2618 1544 2658; x_wconf 90' lang='lat' dir='ltr'><strong>illoc</strong></span> <span class='ocrx_word' id='word_1_194' title='bbox 1579 2616 1762 2658; x_wconf 71' lang='lat' dir='ltr'><strong>abstuli:</strong></span> 
     </span>
     <span class='ocr_line' id='line_1_35' title="bbox 480 2684 1768 2740; baseline -0.002 -12"><span class='ocrx_word' id='word_1_195' title='bbox 480 2686 567 2728; x_wconf 73' lang='lat' dir='ltr'><strong>Eas</strong></span> <span class='ocrx_word' id='word_1_196' title='bbox 611 2688 711 2728; x_wconf 89' lang='lat' dir='ltr'><strong>dedi</strong></span> <span class='ocrx_word' id='word_1_197' title='bbox 755 2694 832 2728; x_wconf 89' lang='lat' dir='ltr'><strong>tuo</strong></span> <span class='ocrx_word' id='word_1_198' title='bbox 876 2685 1033 2740; x_wconf 74' lang='lat' dir='ltr'><strong>gnato:</strong></span> <span class='ocrx_word' id='word_1_199' title='bbox 1092 2688 1126 2727; x_wconf 92' lang='lat' dir='ltr'><strong>is</strong></span> <span class='ocrx_word' id='word_1_200' title='bbox 1174 2701 1255 2740; x_wconf 90' lang='lat' dir='ltr'><strong>pro</strong></span> <span class='ocrx_word' id='word_1_201' title='bbox 1301 2701 1379 2727; x_wconf 87' lang='lat' dir='ltr'><strong>sua</strong></span> <span class='ocrx_word' id='word_1_202' title='bbox 1429 2685 1570 2726; x_wconf 76' lang='lat' dir='ltr'><strong>amica</strong></span> <span class='ocrx_word' id='word_1_203' title='bbox 1619 2684 1768 2726; x_wconf 70' lang='lat' dir='ltr'><strong>lenoni</strong></span> 
     </span>
     <span class='ocr_line' id='line_1_36' title="bbox 566 2757 699 2797; baseline -0.008 0"><span class='ocrx_word' id='word_1_204' title='bbox 566 2757 699 2797; x_wconf 87' lang='lat' dir='ltr'><strong>dedit.</strong></span> 
     </span>
    </p>
   </div>
   <div class='ocr_carea' id='block_1_3' title="bbox 675 2832 1440 2873">
    <p class='ocr_par' dir='ltr' id='par_1_3' title="bbox 675 2832 1440 2873">
     <span class='ocr_line' id='line_1_37' title="bbox 675 2832 1440 2873; baseline -0.001 -9"><span class='ocrx_word' id='word_1_205' title='bbox 675 2833 697 2854; x_wconf 78' lang='lat'><em>*</em></span> <span class='ocrx_word' id='word_1_206' title='bbox 719 2833 864 2864; x_wconf 87' lang='lat' dir='ltr'><strong>Versum</strong></span> <span class='ocrx_word' id='word_1_207' title='bbox 880 2833 1054 2873; x_wconf 75' lang='lat' dir='ltr'><strong>suppleuit</strong></span> <span class='ocrx_word' id='word_1_208' title='bbox 1072 2833 1140 2864; x_wconf 86' lang='lat' dir='ltr'><strong>Iac.</strong></span> <span class='ocrx_word' id='word_1_209' title='bbox 1159 2833 1212 2864; x_wconf 88' lang='lat' dir='ltr'><strong>Br.</strong></span> <span class='ocrx_word' id='word_1_210' title='bbox 1232 2832 1440 2864; x_wconf 88' lang='lat' dir='ltr'><strong>Gronouius.</strong></span> 
     </span>
    </p>
   </div>
   <div class='ocr_carea' id='block_1_4' title="bbox 1842 0 2037 3351">
    <p class='ocr_par' dir='ltr' id='par_1_4' title="bbox 1842 0 2037 3351">
     <span class='ocr_line' id='line_1_38' title="bbox 1842 0 2037 3351; baseline 0 0"><span class='ocrx_word' id='word_1_211' title='bbox 1842 0 2037 3351; x_wconf 95' lang='lat' dir='ltr'><strong> </strong></span> 
     </span>
    </p>
   </div>
  </div>
 </body>
</html>
