2043 3351
189 249 236 278 12

179 1118 258 1158 155

176 1810 255 1850 160

178 2432 251 2471 165

742 237 986 271 TERENTI
1027 239 1291 274 PHORMIO.

866 504 1069 547 ACTVS
1112 506 1154 546 II

700 628 932 670 ANTIPHO
1048 629 1302 670 PHAEDRIA

649 726 971 752 ADVLESCENTES
1163 727 1191 751 11

288 842 376 883 AN.
412 834 574 883 Adeon
614 856 704 882 rem
744 841 919 886 redisse,
955 849 1001 883 ut
1039 843 1111 896 qui
1152 844 1209 882 mi
1253 841 1500 884 cdnsultum
1543 845 1725 899 optume
1774 845 1836 897 I3

294 1255 374 1297 PH.

279 1947 371 1989 AN.

290 2086 371 2126 PH.

499 912 604 952 uelit
627 925 736 959 esse,

410 981 633 1027 Phaedria,
659 987 828 1034 patrem
854 988 901 1021 ut
922 980 1226 1028 extimescam,
1252 981 1325 1021 ubi
1351 980 1392 1022 1'n
1416 989 1608 1023 mentem
1632 984 1725 1024 eius

497 1050 675 1090 adue'nti
701 1049 871 1090 ueniat!

409 1118 541 1171 Qudd
577 1120 617 1159 ni
653 1119 829 1159 fuissem
865 1117 1123 1171 incdgitans,
1149 1119 1207 1159 ita
1241 1117 1389 1174 [eum]
1424 1121 1723 1174 expectarem,

495 1195 543 1228 ut
565 1187 644 1241 pas
666 1188 757 1228 fuit.

411 1256 530 1310 Quid
585 1256 695 1297 istuc
748 1261 841 1297 est?
918 1255 1011 1296 AN.
1055 1257 1252 1310 Rogitas,
1297 1257 1372 1311 qui
1414 1265 1503 1299 tam
1546 1259 1724 1300 audacis

495 1325 700 1366 facinoris
725 1326 830 1366 mihi
855 1324 1071 1365 cdnsciu's
1100 1323 1239 1381 [sis]?
1640 1371 1642 1376 .

408 1394 540 1447 Qudd
576 1396 743 1435 utinam
778 1408 830 1434 ne
865 1394 1115 1441 Phdrmioni
1149 1395 1191 1435 id
1227 1394 1412 1436 suadere
1455 1397 1495 1436 in
1531 1404 1723 1438 mentem

496 1463 721 1504 incidisset

408 1531 508 1573 Neu
543 1547 612 1573 me
646 1533 859 1586 cupidum
893 1546 945 1573 eo
979 1531 1221 1586 inpulisset,
1258 1533 1376 1587 qudd
1416 1534 1522 1575 mihi
1566 1536 1724 1589 princi-

495 1601 660 1656 piumst
693 1602 819 1642 mali!

409 1669 509 1711 Νόη
552 1672 719 1724 potitus
762 1671 926 1712 essem:
985 1671 1137 1712 fuisset
1188 1678 1281 1712 tum
1334 1671 1430 1713 1'llos
1482 1673 1540 1713 mi
1593 1687 1723 1726 aegre

497 1739 675 1794 aliqudd
708 1741 815 1788 dies,

405 1809 469 1850 At
520 1808 606 1850 ndn
659 1808 899 1850 cottidiana
951 1824 1055 1850 cura
1111 1810 1219 1850 haec
1276 1809 1460 1864 angeret
1511 1812 1721 1859 animum,

494 1879 576 1919 PH.
622 1877 787 1919 Audio.

406 1948 527 1987 Dum
566 1948 756 2001 expecto
796 1962 929 2001 quam
968 1961 1075 1988 mox
1111 1948 1256 1989 ue'niat
1291 1950 1365 2002 qui
1406 1950 1572 1991 adimat
1608 1949 1720 1990 hanc

493 2016 599 2056 mihi
633 2015 1015 2089 consuetudinem.

406 2084 518 2125 Aliis
562 2086 667 2138 quia
713 2085 820 2125 defit
871 2062 990 2138 qudd
1043 2092 1190 2127 amant
1242 2094 1436 2140 aegrest,
1494 2086 1572 2128 tibi
1616 2089 1719 2141 quia

493 2155 694 2207 superest
729 2154 871 2194 dolet:
1574 2189 1593 2209 r

406 2220 574 2262 Amdre
598 2223 810 2270 abundas,
836 2215 1051 2277 Antipho.

404 2292 519 2332 Nam
553 2289 627 2331 tua
660 2293 840 2344 quidem
875 2293 1020 2332 hercle
1053 2293 1173 2333 ce'rto
1207 2293 1296 2334 uita
1328 2294 1437 2334 haec
1467 2295 1719 2348 expetenda

492 2358 778 2414 optandaque
802 2368 879 2401 est.

406 2430 472 2470 Ita
505 2430 573 2469 me'
607 2430 649 2469 di
673 2430 796 2470 bene
830 2436 989 2477 ament,
1024 2428 1071 2470 ut
1105 2431 1161 2470 mi
1199 2411 1327 2472 liceat
1361 2431 1449 2472 tarn
1487 2433 1559 2473 diu
1597 2435 1717 2487 quod

493 2497 592 2538 amc'>
628 2498 721 2544 frui,

405 2568 499 2608 Iam
523 2567 745 2620 depecisci
770 2566 908 2608 mcSrtc
933 2569 1087 2621 cupio:
1126 2567 1171 2609 tu
1197 2570 1388 2610 conicito
1413 2571 1569 2617 ce'tera,

405 2636 525 2690 Quid
556 2650 639 2689 ego
670 2637 726 2676 ex
757 2636 839 2676 hac
870 2636 1018 2690 inopia
1048 2651 1162 2678 nunc
1188 2639 1373 2692 capiam,
1397 2646 1440 2680 et
1463 2640 1567 2693 quid
1591 2647 1635 2681 tu
1661 2655 1715 2681 ex

491 2706 596 2746 istac
628 2704 777 2758 cdpia;
909 2705 942 2730 Χ

1801 2104 1835 2126 10

1798 2655 1834 2686 ¹5
