2043 3351
254 272 306 312 88
813 268 1364 302 TERENTIPHORMH)

369 393 454 436 CH.
485 394 621 435 Estne
645 393 702 434 ita
725 393 794 434 uti
814 394 906 434 dixi
930 392 1150 434 liberalis?
1201 393 1289 433 DE.
1323 380 1521 447 Oppido.

485 461 713 516 Quantum
738 470 899 516 potest,
925 476 1039 503 nunc
1063 461 1418 503 conueniundust
1440 461 1660 512 Phormio,

484 533 604 572 Prius
627 530 759 585 quam
783 532 996 585 dilapidat
1018 530 1185 572 nostras
1209 530 1388 584 triginta
1412 532 1551 572 minas

483 602 542 642 Vt
565 599 826 642 auferamus,
883 602 964 642 PH.
1001 601 1330 653 Demiphonem
1354 600 1390 641 s1'
1413 601 1577 642 domist

251 672 332 710 {³00
482 671 648 717 Visam,
692 668 738 710 ut
788 671 908 724 quod
954 703 961 711 .
1009 701 1016 708 .
1062 670 1148 711 DE.
1203 669 1267 711 At
1309 684 1389 710 nos
1431 668 1487 710 ad
1529 676 1572 710 te
1616 669 1799 717 ibamus,

572 738 788 780 Phormio.

367 808 445 848 PH.
478 809 546 848 De
589 810 746 849 eadem
796 807 879 848 hac
934 808 1118 849 fortasse
1161 806 1320 849 causa?
1383 808 1470 848 DE.
1527 807 1596 848 Ita
1638 807 1797 848 hercle.

571 878 651 918 PH.
688 878 892 918 Credidi:

482 945 603 999 Quid
645 945 701 987 ad
745 961 814 987 me
858 947 1015 988 ibatis?
1096 947 1183 986 DE.
1238 945 1507 988 Ridiculum.
1592 946 1673 986 PH.
1727 946 1801 986 An

569 1014 785 1056 rebamini

481 1084 561 1124 Me
585 1084 670 1125 non
695 1086 736 1126 id
760 1085 911 1133 facere,
935 1083 1053 1138 quod
1078 1085 1343 1138 recepissem
1367 1084 1532 1124 semel?

484 1153 623 1201 Heus,
679 1152 843 1207 quanta
901 1160 1066 1208 quanta
1122 1153 1231 1195 haec
1285 1154 1382 1194 me'a
1432 1159 1670 1207 paupertas
1720 1153 1797 1202 est,

571 1231 719 1263 tamen

252 1290 332 1331 905
487 1291 652 1332 Adhuc
708 1293 858 1333 curaui
913 1306 1049 1333 unum
1113 1290 1196 1332 hoc
1247 1292 1441 1345 quidem,
1486 1298 1533 1332 ut
1582 1291 1641 1331 mi
1687 1291 1801 1332 esset

571 1361 694 1401 fides.

481 1431 622 1484 quue
645 1429 758 1470 adeo
783 1431 913 1471 uenio
938 1429 1200 1476 m'mtiatum.
1225 1428 1465 1483 De'mipho,

482 1498 685 1540 Paratum
711 1513 780 1539 me
804 1512 926 1540 esse:
962 1500 1034 1539 ubi
1061 1498 1201 1546 uoltis,
1227 1499 1413 1539 uxorem
1438 1499 1551 1540 date.

481 1569 597 1609 Nam
621 1567 764 1608 omnis
788 1569 1025 1622 posthabui
1052 1567 1156 1609 mshi
1181 1582 1260 1616 res,
1286 1569 1344 1609 ita
1368 1568 1428 1608 uti
1453 1566 1532 1622 par
1554 1568 1647 1617 fuit,

482 1639 722 1691 Postquam
765 1636 809 1678 id
850 1644 973 1679 tanto
1017 1652 1152 1691 opere
1195 1637 1273 1678 uos
1317 1637 1430 1678 uelle
1480 1638 1672 1678 animum
1724 1637 1799 1678 ad-

569 1705 803 1748 uorteram.

229 1775 331 1816 '910
367 1777 452 1816 DE.
483 1775 547 1816 At
569 1774 640 1816 hl'c
664 1776 923 1816 dehortatus
947 1777 1013 1817 est
1036 1790 1118 1823 me,
1145 1790 1198 1816 ne
1223 1776 1338 1816 illam
1363 1775 1441 1817 tibi
1465 1777 1639 1816 darem:

481 1845 620 1884 ‘Nam
644 1844 720 1898 qul'
743 1846 823 1885 erit
847 1859 995 1885 rumor
1018 1844 1198 1899 populi‚’
1224 1847 1378 1899 inquit,
1410 1850 1418 1866 ‘
1436 1846 1470 1885 si
1495 1846 1536 1885 id
1561 1845 1741 1886 feceris?

481 1913 600 1955 Olim
624 1928 761 1967 quom
785 1914 968 1955 honeste
994 1913 1148 1967 potuit,
1172 1921 1262 1955 tum
1290 1929 1376 1955 non
1399 1915 1464 1956 e'st
1487 1915 1615 1955 data:

480 1983 610 2023 Nunc
635 1982 814 2023 uiduam
839 1985 1013 2024 extrudi
1038 1982 1239 2037 turpest’.
1275 1984 1411 2024 ferme
1447 1984 1600 2024 eadem
1636 1982 1796 2031 o'mnia,

481 2051 608 2104 Quae
631 2050 722 2092 tute
747 2053 915 2092 dudum
940 2051 1086 2092 coram
1112 2067 1180 2093 me
1205 2051 1498 2093 incusaueras.

250 2121 330 2161 915
365 2121 447 2161 PH.
480 2120 595 2161 Satis
629 2122 819 2174 superbe
854 2120 1049 2162 inluditis
1083 2135 1161 2162 me.
1217 2123 1303 2163 DE.
1340 2121 1457 2174 Qui?
1502 2122 1584 2162 PH.
1620 2121 1799 2175 Rogas?

481 2189 597 2242 Quia
622 2204 674 2230 ne
697 2189 878 2230 alteram
903 2192 1083 2244 quidem
1108 2190 1223 2231 illam
1249 2198 1404 2244 potero
1428 2189 1610 2240 ducere;

480 2259 594 2298 Nam
626 2258 713 2312 quo
745 2260 898 2300 redibo
927 2274 1001 2300 ore
1034 2258 1088 2300 ad
1124 2274 1220 2300 eam
1255 2274 1389 2313 quam
1422 2260 1795 2312 contempserim?

366 2327 453 2368 CII.
483 2328 623 2367 ‘Tum
682 2335 829 2386 autem
881 2320 1189 2382 Antiphonem
1244 2328 1374 2369 uideo
1427 2329 1482 2369 ab
1531 2342 1626 2369 sese
1673 2327 1796 2369 amit-

569 2403 661 2436 tere

484 2464 678 2505 Inuitum
703 2466 824 2505 eam’
850 2467 994 2520 inque.
1058 2467 1142 2506 DE.
1176 2467 1290 2506 Tum
1321 2465 1464 2507 autem
1498 2467 1627 2507 uideo
1659 2465 1796 2506 filium

249 2534 330 2574 920
483 2533 676 2574 Inuitum
701 2548 804 2574 sane
829 2533 1055 2575 mulierem
1080 2536 1133 2575 ab
1157 2549 1203 2575 se
1226 2534 1438 2576 amittere.

483 2602 568 2644 Sed
592 2601 724 2643 transi
748 2605 879 2644 sodes
902 2603 956 2644 ad
981 2604 1124 2644 forum
1149 2611 1280 2657 atque
1305 2603 1408 2644 illud
1433 2604 1538 2644 mihi

481 2671 732 2724 Argentum
757 2687 927 2712 rursum
953 2671 1053 2713 iube
1078 2674 1269 2721 rescribi,
1296 2672 1513 2713 Phormio,

367 2742 447 2782 PH.
483 2739 674 2792 Quodne
697 2741 781 2795 ego
805 2742 1005 2795 discripsi
1030 2740 1160 2795 porro
1184 2742 1265 2782 illis
1289 2742 1449 2796 quibus
1473 2740 1633 2782 debui?

1881 1167 1917 1189 10
1982 1162 1984 1178 ῑ

1878 1582 1983 1616 15

1877 1997 1915 2020 20

1870 2756 1910 2788 30
1972 2748 1974 2751 ¹
